Transaction Date,Actual Transaction Date,Explanation Text,VALUE DATE,Debit Amount,Credit Amount,CURRENT BALANCE,DR/CR,DOC-NUM
20/12/2022,,BALANCE B/F,,,,"3,220,678,587.51",,
21/12/2022,20/12/2022,CASH DEPOSIT    ZRB/T1537847/MNAZI COMP/5231172FROM Mlandege Branch,21/12/2022,,"23,400.00","3,220,701,987.51",,0
21/12/2022,20/12/2022,CASH DEPOSIT    ZRB/T1537851/ANATOLI LI/5232067FROM Mlandege Branch,21/12/2022,,"11,100,000.00","3,231,801,987.51",,0
21/12/2022,20/12/2022,TAX BANK - Transfer    AA/BILL_CLEARANCE/POS111228/T1528347/RT222010305112/BILL_CLEARANCE/ZRB/ZGPS COMANY LTD,21/12/2022,,"71,000.00","3,231,872,987.51",,0
21/12/2022,20/12/2022,CASH DEPOSIT    ZRB/T1537747/EMMANUEL D/5232119FROM Mlandege Branch,21/12/2022,,"40,000.00","3,231,912,987.51",,0
21/12/2022,20/12/2022,TAX BANK - Transfer    AA/BILL_CLEARANCE/POS111523/M2927432/RT222010305369/BILL_CLEARANCE/ZRB/FARIDI JUMA RASHID,21/12/2022,,"5,660.00","3,231,918,647.51",,0
21/12/2022,20/12/2022,TAX BANK - Transfer    AA/BILL_CLEARANCE/POS111403/T1533641/RT222010305519/BILL_CLEARANCE/ZRB/ZAINAB RAMADHAN MUSSA,21/12/2022,,"375,600.00","3,232,294,247.51",,0
21/12/2022,20/12/2022,TAX BANK - Transfer    AA/BILL_CLEARANCE/POS111231/T1528339/RT222010305543/BILL_CLEARANCE/ZRB/BINSALIM GEO SERVICES ENGINEERING CO. LTD,21/12/2022,,"1,597,000.00","3,233,891,247.51",,0
21/12/2022,20/12/2022,CASH DEPOSIT    ZRB/T1533265/KIWENGWA I/5232879FROM Mlandege Branch,21/12/2022,,"3,339,000.00","3,237,230,247.51",,0
21/12/2022,20/12/2022,TAX BANK - Transfer    AA/BILL_CLEARANCE/POS111403/T1526695/RT222010305901/BILL_CLEARANCE/ZRB/ABASS MAKAME SHEHA,21/12/2022,,"180,000.00","3,237,410,247.51",,0
21/12/2022,20/12/2022,CASH DEPOSIT    ZRB/T1528051/TAUSI REST/5234098FROM Mlandege Branch,21/12/2022,,"1,087,900.00","3,238,498,147.51",,0
21/12/2022,20/12/2022,TAX BANK - Transfer    AA/BILL_CLEARANCE/POS111273/T1535383/RT222010305952/BILL_CLEARANCE/ZRB/BENCHMARK ENGINEERING CO. LTD,21/12/2022,,"4,049,200.00","3,242,547,347.51",,0
21/12/2022,20/12/2022,CASH DEPOSIT    ZRB/T1533583/ALI MOHAMM/5234183FROM Mlandege Branch,21/12/2022,,"100,000.00","3,242,647,347.51",,0
21/12/2022,20/12/2022,TAX BANK - Transfer    AA/BILL_CLEARANCE/POS111174/T1520669/RT222010305962/BILL_CLEARANCE/ZRB/KANANKIRA ELIUDI MAKIFAI,21/12/2022,,"82,800.00","3,242,730,147.51",,0
21/12/2022,20/12/2022,CASH DEPOSIT    ZRB/T1521387/SALUM SAID/5234209FROM Mlandege Branch,21/12/2022,,"515,600.00","3,243,245,747.51",,0
21/12/2022,20/12/2022,CASH DEPOSIT    ZRB/T1521623/HAFIDH TAL/5234243FROM Mlandege Branch,21/12/2022,,"503,800.00","3,243,749,547.51",,0
21/12/2022,20/12/2022,CASH DEPOSIT    ZRB/T1533553/MLANDEGE H/5234321FROM Mlandege Branch,21/12/2022,,"773,600.00","3,244,523,147.51",,0
21/12/2022,20/12/2022,CASH DEPOSIT    ZRB/T1531657/SEIF STORE/5234351FROM Mlandege Branch,21/12/2022,,"2,574,100.00","3,247,097,247.51",,0
21/12/2022,20/12/2022,CASH DEPOSIT    ZRB/T1524777/NUR-MOHAMM/5234400FROM Mlandege Branch,21/12/2022,,"63,500.00","3,247,160,747.51",,0
21/12/2022,20/12/2022,CASH DEPOSIT    ZRB/T1524767/RAYA KASSI/5234427FROM Mlandege Branch,21/12/2022,,"62,300.00","3,247,223,047.51",,0
21/12/2022,20/12/2022,CASH DEPOSIT    ZRB/T1524763/JUMA HAJI /5234487FROM Mlandege Branch,21/12/2022,,"84,600.00","3,247,307,647.51",,0
21/12/2022,20/12/2022,CASH DEPOSIT    ZRB/T1524719/SAID MBARO/5234534FROM Mlandege Branch,21/12/2022,,"40,000.00","3,247,347,647.51",,0
21/12/2022,20/12/2022,CASH DEPOSIT    ZRB/T1528075/NADIM ESMA/5234561FROM Mlandege Branch,21/12/2022,,"40,000.00","3,247,387,647.51",,0
21/12/2022,20/12/2022,CASH DEPOSIT    ZRB/T1528131/RASHID MOH/5234624FROM Mlandege Branch,21/12/2022,,"40,000.00","3,247,427,647.51",,0
21/12/2022,20/12/2022,CASH DEPOSIT    ZRB/T1528141/SALUM NASS/5234658FROM Mlandege Branch,21/12/2022,,"60,500.00","3,247,488,147.51",,0
21/12/2022,20/12/2022,CASH DEPOSIT    ZRB/T1521579/ALI HAMADI/5234715FROM Mlandege Branch,21/12/2022,,"448,000.00","3,247,936,147.51",,0
21/12/2022,20/12/2022,CASH DEPOSIT    ZRB/T1521613/MGENI SAID/5234735FROM Mlandege Branch,21/12/2022,,"40,000.00","3,247,976,147.51",,0
21/12/2022,20/12/2022,CASH DEPOSIT    ZRB/T1524881/MOHAMMED I/5234810FROM Mlandege Branch,21/12/2022,,"92,400.00","3,248,068,547.51",,0
21/12/2022,20/12/2022,CASH DEPOSIT    ZRB/T1524735/HAMDAN NAS/5234840FROM Mlandege Branch,21/12/2022,,"40,000.00","3,248,108,547.51",,0
21/12/2022,20/12/2022,CASH DEPOSIT    ZRB/T1524907/NASSOR MOH/5234897FROM Mlandege Branch,21/12/2022,,"40,000.00","3,248,148,547.51",,0
21/12/2022,20/12/2022,CASH DEPOSIT    ZRB/T1524729/MBAROUK MO/5234938FROM Mlandege Branch,21/12/2022,,"40,000.00","3,248,188,547.51",,0
21/12/2022,20/12/2022,CASH DEPOSIT    ZRB/T1533603/MOHAMMED N/5234992FROM Mlandege Branch,21/12/2022,,"41,100.00","3,248,229,647.51",,0
21/12/2022,20/12/2022,CASH DEPOSIT    ZRB/T1524849/ABDALLAH H/5235017FROM Mlandege Branch,21/12/2022,,"63,500.00","3,248,293,147.51",,0
21/12/2022,20/12/2022,CASH DEPOSIT    ZRB/T1537149/ABDALLA NA/5235075FROM Mlandege Branch,21/12/2022,,"98,000.00","3,248,391,147.51",,0
21/12/2022,20/12/2022,CASH DEPOSIT    ZRB/T1537125/MARYAM ALI/5235102FROM Mlandege Branch,21/12/2022,,"200,800.00","3,248,591,947.51",,0
21/12/2022,20/12/2022,CASH DEPOSIT    ZRB/T1537727/JAMHURI IB/5235164FROM Mlandege Branch,21/12/2022,,"800,000.00","3,249,391,947.51",,0
21/12/2022,20/12/2022,CASH DEPOSIT    ZRB/T1537169/ABDALLA NA/5235192FROM Mlandege Branch,21/12/2022,,"200,000.00","3,249,591,947.51",,0
21/12/2022,20/12/2022,CASH DEPOSIT    ZRB/T1537137/MWIGA SIZA/5235310FROM Mlandege Branch,21/12/2022,,"40,000.00","3,249,631,947.51",,0
21/12/2022,20/12/2022,CASH DEPOSIT    ZRB/T1533593/MOHAMED MB/5235343FROM Mlandege Branch,21/12/2022,,"40,000.00","3,249,671,947.51",,0
21/12/2022,20/12/2022,TAX BANK - Transfer    AA/BILL_CLEARANCE/POS111188/T1533331/RT222010306242/BILL_CLEARANCE/ZRB/MOHAMMED KASSU SULEIMAN,21/12/2022,,"313,900.00","3,249,985,847.51",,0
21/12/2022,20/12/2022,TAX BANK - Transfer    AA/BILL_CLEARANCE/POS111188/T1537635/RT222010306377/BILL_CLEARANCE/ZRB/MICKY RAPHAEL MKOLOMA,21/12/2022,,"533,200.00","3,250,519,047.51",,0
21/12/2022,20/12/2022,TAX BANK - Transfer    AA/BILL_CLEARANCE/POS111188/T1537641/RT222010306385/BILL_CLEARANCE/ZRB/LUCY CHARLES ALPHONCE,21/12/2022,,"659,300.00","3,251,178,347.51",,0
21/12/2022,20/12/2022,TAX BANK - Transfer    AA/BILL_CLEARANCE/POS111188/T1535381/RT222010306537/BILL_CLEARANCE/ZRB/STEAK HOUSE LTD,21/12/2022,,"35,000.00","3,251,213,347.51",,0
21/12/2022,21/12/2022,TAX BANK - Transfer    AA/BILL_CLEARANCE/POS111622/M2927954/RT222010309059/BILL_CLEARANCE/ZRB/ZIADI ALI JUMA,21/12/2022,,"35,000.00","3,251,248,347.51",,0
21/12/2022,21/12/2022,TAX BANK - Transfer    AA/BILL_CLEARANCE/POS111622/M2927960/RT222010309220/BILL_CLEARANCE/ZRB/KHATIB HASSAN MBARAKA,21/12/2022,,"35,000.00","3,251,283,347.51",,0
21/12/2022,21/12/2022,CASH DEPOSIT    ZRB/T1537911/SULTAN SAN/5260009FROM Mlandege Branch,21/12/2022,,"60,800.00","3,251,344,147.51",,0
21/12/2022,21/12/2022,TAX BANK - Transfer    AA/BILL_CLEARANCE/POS111622/M2927962/RT222010309698/BILL_CLEARANCE/ZRB/OMAR KHAMIS ABDALLAH,21/12/2022,,"35,000.00","3,251,379,147.51",,0
21/12/2022,21/12/2022,TAX BANK - Transfer    AA/BILL_CLEARANCE/POS111622/M2927966/RT222010310171/BILL_CLEARANCE/ZRB/SULEIMAN ALI ABDULLA,21/12/2022,,"35,000.00","3,251,414,147.51",,0
21/12/2022,21/12/2022,TAX BANK - Transfer    AA/BILL_CLEARANCE/POS111403/M2927978/RT222010310483/BILL_CLEARANCE/ZRB/THADEO PETER MKAMA,21/12/2022,,"35,000.00","3,251,449,147.51",,0
21/12/2022,21/12/2022,TAX BANK - Transfer    AA/BILL_CLEARANCE/POS111622/M2927974/RT222010310542/BILL_CLEARANCE/ZRB/HAFIDH SAID  MZEE,21/12/2022,,"10,000.00","3,251,459,147.51",,0
21/12/2022,21/12/2022,TAX BANK - Transfer    AA/BILL_CLEARANCE/POS111622/M2927988/RT222010310754/BILL_CLEARANCE/ZRB/JUMA SALUM MOHAMMED,21/12/2022,,"35,000.00","3,251,494,147.51",,0
21/12/2022,21/12/2022,TAX BANK - Transfer    AA/BILL_CLEARANCE/POS111403/M2927992/RT222010310966/BILL_CLEARANCE/ZRB/AMIR HABIBU OMAR,21/12/2022,,"14,395.00","3,251,508,542.51",,0
21/12/2022,21/12/2022,TAX BANK - Transfer    AA/BILL_CLEARANCE/POS111622/M2927990/RT222010311010/BILL_CLEARANCE/ZRB/ISMAIL ZUBEIR  KOMBO,21/12/2022,,"15,000.00","3,251,523,542.51",,0
21/12/2022,21/12/2022,TAX BANK - Transfer    AA/BILL_CLEARANCE/POS111403/M2927996/RT222010311275/BILL_CLEARANCE/ZRB/THABIT ALI JUMA,21/12/2022,,"35,000.00","3,251,558,542.51",,0
21/12/2022,21/12/2022,TAX BANK - Transfer    AA/BILL_CLEARANCE/POS111022/M2927654/RT222010311593/BILL_CLEARANCE/ZRB/MUHAMED MAKAME ALI,21/12/2022,,"75,000.00","3,251,633,542.51",,0
21/12/2022,21/12/2022,CASH DEPOSIT    ZRB/T1537917/ROBOT/5261495FROM Mlandege Branch,21/12/2022,,"50,000.00","3,251,683,542.51",,0
21/12/2022,21/12/2022,TAX BANK - Transfer    AA/BILL_CLEARANCE/POS111317/M2927816/RT222010311802/BILL_CLEARANCE/ZRB/HAJI HANAFI MZEE,21/12/2022,,"25,000.00","3,251,708,542.51",,0
21/12/2022,21/12/2022,TAX BANK - Transfer    AA/BILL_CLEARANCE/POS111317/M2927840/RT222010311862/BILL_CLEARANCE/ZRB/SILASY ALPHONCE MAGANDULA,21/12/2022,,"50,000.00","3,251,758,542.51",,0
21/12/2022,21/12/2022,TAX BANK - Transfer    AA/BILL_CLEARANCE/POS111317/M2927844/RT222010311954/BILL_CLEARANCE/ZRB/HASSAN JUMBE KEIS,21/12/2022,,"50,000.00","3,251,808,542.51",,0
21/12/2022,21/12/2022,TAX BANK - Transfer    AA/BILL_CLEARANCE/POS111317/M2927814/RT222010311983/BILL_CLEARANCE/ZRB/OMAR KHAMIS ADAM,21/12/2022,,"50,000.00","3,251,858,542.51",,0
21/12/2022,21/12/2022,TAX BANK - Transfer    AA/BILL_CLEARANCE/POS111622/M2927796/RT222010312048/BILL_CLEARANCE/ZRB/SIGOMBE HAJI WADI,21/12/2022,,"20,000.00","3,251,878,542.51",,0
21/12/2022,21/12/2022,CASH DEPOSIT    ZRB/T1537915/ABDUL AZIZ/5261936FROM Mlandege Branch,21/12/2022,,"50,000.00","3,251,928,542.51",,0
21/12/2022,21/12/2022,CASH DEPOSIT    ZRB/T1537929/ABDUL AZIZ/5261962FROM Mlandege Branch,21/12/2022,,"70,000.00","3,251,998,542.51",,0
21/12/2022,21/12/2022,CASH DEPOSIT    ZRB/T1537933/RASHID MOH/5262034FROM Mlandege Branch,21/12/2022,,"50,000.00","3,252,048,542.51",,0
21/12/2022,21/12/2022,PG-Transfer B2B    ZRB/M2928004/40000/REF:59180235918023,21/12/2022,,"40,000.00","3,252,088,542.51",,0
21/12/2022,21/12/2022,TAX BANK - Transfer    AA/BILL_CLEARANCE/POS111403/M2928020/RT222010312876/BILL_CLEARANCE/ZRB/MOHAMED AMOUR MOHAMED,21/12/2022,,"35,000.00","3,252,123,542.51",,0
21/12/2022,21/12/2022,TAX BANK - Transfer    AA/BILL_CLEARANCE/POS111403/T1537679/RT222010313325/BILL_CLEARANCE/ZRB/YUSUPH ABUBAKAR MOHAMED,21/12/2022,,"17,900.00","3,252,141,442.51",,0
21/12/2022,21/12/2022,CASH DEPOSIT    ZRB/T1537937/RASHID MRU/5262245FROM Mlandege Branch,21/12/2022,,"40,000.00","3,252,181,442.51",,0
21/12/2022,21/12/2022,CASH DEPOSIT    ZRB/T1537941/MOH'D ABDU/5262246FROM Malindi Branch,21/12/2022,,"75,000.00","3,252,256,442.51",,0
21/12/2022,21/12/2022,CASH DEPOSIT    ZRB/M2928034/ALI SULEIM/5262257FROM Malindi Branch,21/12/2022,,"35,000.00","3,252,291,442.51",,0
21/12/2022,21/12/2022,CASH DEPOSIT    ZRB/T1537939/OMAR HUBI /5262318FROM Malindi Branch,21/12/2022,,"75,000.00","3,252,366,442.51",,0
21/12/2022,21/12/2022,CASH DEPOSIT    ZRB/T1537935/RASHID MRU/5262324FROM Mlandege Branch,21/12/2022,,"450,000.00","3,252,816,442.51",,0
21/12/2022,21/12/2022,TAX BANK - Transfer    AA/BILL_CLEARANCE/POS111622/T1537949/RT222010313664/BILL_CLEARANCE/ZRB/ALI MJAWIR OMAR,21/12/2022,,"75,000.00","3,252,891,442.51",,0
21/12/2022,21/12/2022,TAX BANK - Transfer    AA/BILL_CLEARANCE/POS111403/M2928050/RT222010313679/BILL_CLEARANCE/ZRB/KELVIN AUDAX BEYNGARO,21/12/2022,,"35,000.00","3,252,926,442.51",,0
21/12/2022,21/12/2022,CASH DEPOSIT    ZRB/M2928036/SIGOMBE HA/5262397FROM Malindi Branch,21/12/2022,,"130,000.00","3,253,056,442.51",,0
21/12/2022,21/12/2022,CASH DEPOSIT    ZRB/M2928002/KABIR DAUD/5262404FROM Malindi Branch,21/12/2022,,"10,000.00","3,253,066,442.51",,0
21/12/2022,21/12/2022,CASH DEPOSIT    ZRB/M2928014/KABIR DAUD/5262433FROM Malindi Branch,21/12/2022,,"50,000.00","3,253,116,442.51",,0
21/12/2022,21/12/2022,CASH DEPOSIT    ZRB/T1537923/MY FLY AVI/5262545FROM IB Mpirani,21/12/2022,,"1,430,000.00","3,254,546,442.51",,0
21/12/2022,21/12/2022,CASH DEPOSIT    ZRB/T1537927/MY FLY AVI/5262554FROM IB Mpirani,21/12/2022,,"286,000.00","3,254,832,442.51",,0
21/12/2022,21/12/2022,CASH DEPOSIT    ZRB/T1537925/MY FLY AVI/5262559FROM IB Mpirani,21/12/2022,,"429,000.00","3,255,261,442.51",,0
21/12/2022,21/12/2022,CASH DEPOSIT    ZRB/M2928056/SULEIMAN M/5262585FROM Malindi Branch,21/12/2022,,"45,000.00","3,255,306,442.51",,0
21/12/2022,21/12/2022,TAX BANK - Transfer    AA/BILL_CLEARANCE/POS111314/T1528453/RT222010314288/BILL_CLEARANCE/ZRB/ZAWADI MBAROUK OMAR,21/12/2022,,"40,000.00","3,255,346,442.51",,0
21/12/2022,21/12/2022,CASH DEPOSIT    ZRB/M2928064/ALI MOHAMM/5262674FROM Malindi Branch,21/12/2022,,"35,000.00","3,255,381,442.51",,0
21/12/2022,21/12/2022,CASH DEPOSIT    ZRB/M2928074/ABDALLA MU/5262705FROM Chake Chake Branch,21/12/2022,,"35,000.00","3,255,416,442.51",,0
21/12/2022,21/12/2022,TAX BANK - Transfer    ZRB/M2928082/ABDALLA DUCHI/20054698,21/12/2022,,"60,000.00","3,255,476,442.51",,0
21/12/2022,21/12/2022,INWARD (NEFT) TRANSFER 22124024 29 Pay IDNr T153321FROM Center Branch,21/12/2022,,"2,286,410.00","3,257,762,852.51",,22124024
21/12/2022,21/12/2022,CASH DEPOSIT    ZRB/M2928070/SALUM MOHA/5262866FROM Malindi Branch,21/12/2022,,"60,000.00","3,257,822,852.51",,0
21/12/2022,21/12/2022,TAX BANK - Transfer    AA/BILL_CLEARANCE/POS111622/M2928092/RT222010315757/BILL_CLEARANCE/ZRB/DHULKIFLI ABDALLA HASSAN,21/12/2022,,"35,000.00","3,257,857,852.51",,0
21/12/2022,21/12/2022,TAX BANK - Transfer    AA/BILL_CLEARANCE/POS111403/M2928098/RT222010315771/BILL_CLEARANCE/ZRB/SALEH MOHAMED YUSSUF,21/12/2022,,"35,000.00","3,257,892,852.51",,0
21/12/2022,21/12/2022,TAX BANK - Transfer    AA/BILL_CLEARANCE/POS111317/M2866240/RT222010315795/BILL_CLEARANCE/ZRB/NASSOR SAID NASSOR,21/12/2022,,"25,000.00","3,257,917,852.51",,0
21/12/2022,21/12/2022,TAX BANK - Transfer    AA/BILL_CLEARANCE/POS111671/M2927902/RT222010315899/BILL_CLEARANCE/ZRB/MASOUD MOHAMMED SALUM,21/12/2022,,"10,000.00","3,257,927,852.51",,0
21/12/2022,21/12/2022,CASH DEPOSIT    ZRB/M2928024/KARUME HAJ/5262938FROM Malindi Branch,21/12/2022,,"280,000.00","3,258,207,852.51",,0
21/12/2022,21/12/2022,TAX BANK - Transfer    AA/BILL_CLEARANCE/POS111624/T1537951/RT222010316007/BILL_CLEARANCE/ZRB/VESTINA RWEGASIRA GIDEON,21/12/2022,,"144,700.00","3,258,352,552.51",,0
21/12/2022,21/12/2022,TAX BANK - Transfer    AA/BILL_CLEARANCE/POS111671/M2927860/RT222010316077/BILL_CLEARANCE/ZRB/SALEH KHAMIS CHUNGA,21/12/2022,,"10,000.00","3,258,362,552.51",,0
21/12/2022,21/12/2022,CASH DEPOSIT    ZRB/T1537959/TALIB SHAA/5263023FROM Chake Chake Branch,21/12/2022,,"100,000.00","3,258,462,552.51",,0
21/12/2022,21/12/2022,TAX BANK - Transfer    AA/BILL_CLEARANCE/POS111122/M2928114/RT222010316141/BILL_CLEARANCE/ZRB/HASSAN OMAR HASSAN,21/12/2022,,"35,000.00","3,258,497,552.51",,0
21/12/2022,21/12/2022,CASH DEPOSIT    ZRB/T1536173/ZANZIBAR R/5263074FROM Malindi Branch,21/12/2022,,"5,000.00","3,258,502,552.51",,0
21/12/2022,21/12/2022,CASH DEPOSIT    ZRB/M2928108/MASOUD KHA/5263085FROM Chake Chake Branch,21/12/2022,,"60,000.00","3,258,562,552.51",,0
21/12/2022,21/12/2022,CASH DEPOSIT    ZRB/M2928110/NASSIR CHI/5263153FROM Chake Chake Branch,21/12/2022,,"75,000.00","3,258,637,552.51",,0
21/12/2022,21/12/2022,CASH DEPOSIT    ZRB/M2928122/KASSID ALI/5263243FROM Malindi Branch,21/12/2022,,"35,000.00","3,258,672,552.51",,0
21/12/2022,21/12/2022,CASH DEPOSIT    ZRB/T1536171/ZANZIBAR R/5263248FROM Malindi Branch,21/12/2022,,"5,000.00","3,258,677,552.51",,0
21/12/2022,21/12/2022,TAX BANK - Transfer    AA/BILL_CLEARANCE/POS111671/M2927880/RT222010317407/BILL_CLEARANCE/ZRB/MUSSA OMAR SEIF,21/12/2022,,"25,000.00","3,258,702,552.51",,0
21/12/2022,21/12/2022,CASH DEPOSIT    ZRB/M2928106/SHAABAN HA/5263300FROM Malindi Branch,21/12/2022,,"60,000.00","3,258,762,552.51",,0
21/12/2022,21/12/2022,TAX BANK - Transfer    AA/BILL_CLEARANCE/POS111317/M2921702/RT222010317833/BILL_CLEARANCE/ZRB/ABDULLATIF ALI YASSIN,21/12/2022,,"50,000.00","3,258,812,552.51",,0
21/12/2022,21/12/2022,TAX BANK - Transfer    AA/BILL_CLEARANCE/POS111122/M2928154/RT222010317903/BILL_CLEARANCE/ZRB/MBARAKA MAKAME HASSAN,21/12/2022,,"35,000.00","3,258,847,552.51",,0
21/12/2022,21/12/2022,CASH DEPOSIT    ZRB/T1537973/ZANZIBAR R/5263475FROM Malindi Branch,21/12/2022,,"5,000.00","3,258,852,552.51",,0
21/12/2022,21/12/2022,TAX BANK - Transfer    AA/BILL_CLEARANCE/POS111671/M2928138/RT222010318097/BILL_CLEARANCE/ZRB/HILAL MOHAMED HILAL,21/12/2022,,"35,000.00","3,258,887,552.51",,0
21/12/2022,21/12/2022,CASH DEPOSIT    ZRB/M2928140/OMAR ALI M/5263544FROM Malindi Branch,21/12/2022,,"35,000.00","3,258,922,552.51",,0
21/12/2022,21/12/2022,TAX BANK - Transfer    AA/BILL_CLEARANCE/POS111622/M2928168/RT222010318211/BILL_CLEARANCE/ZRB/SEIF RAMADHAN JUMA,21/12/2022,,"35,000.00","3,258,957,552.51",,0
21/12/2022,21/12/2022,TAX BANK - Transfer    AA/BILL_CLEARANCE/POS111122/T1537983/RT222010318259/BILL_CLEARANCE/ZRB/ZANZIBAR REVENUE BOARD,21/12/2022,,"20,000.00","3,258,977,552.51",,0
21/12/2022,21/12/2022,TAX BANK - Transfer    ZRB/M2928164/ABDALLAH ABDALLAH/20055646,21/12/2022,,"25,000.00","3,259,002,552.51",,0
21/12/2022,21/12/2022,TAX BANK - Transfer    AA/BILL_CLEARANCE/POS111403/M2928174/RT222010318565/BILL_CLEARANCE/ZRB/MAULID ABDULLA ALI,21/12/2022,,"35,000.00","3,259,037,552.51",,0
21/12/2022,21/12/2022,TAX BANK - Transfer    AA/BILL_CLEARANCE/POS111671/M2927968/RT222010318582/BILL_CLEARANCE/ZRB/TAWHIDA MOHAMMED ZAHRAN AL KINDY,21/12/2022,,"50,000.00","3,259,087,552.51",,0
21/12/2022,21/12/2022,CASH DEPOSIT    ZRB/M2928146/MACHANO KH/5263749FROM Mwanakwerekwe Branch,21/12/2022,,"45,000.00","3,259,132,552.51",,0
21/12/2022,21/12/2022,TAX BANK - Transfer    AA/BILL_CLEARANCE/POS111671/M2927892/RT222010318792/BILL_CLEARANCE/ZRB/AMEIR HAJI MWITA,21/12/2022,,"25,000.00","3,259,157,552.51",,0
21/12/2022,21/12/2022,CASH DEPOSIT    ZRB/T1537989/ABUUBAKAR /5263791FROM Mlandege Branch,21/12/2022,,"30,000.00","3,259,187,552.51",,0
21/12/2022,21/12/2022,TAX BANK - Transfer    AA/BILL_CLEARANCE/POS111671/M2927874/RT222010318883/BILL_CLEARANCE/ZRB/BAKAR MUSSA YUSSUF,21/12/2022,,"50,000.00","3,259,237,552.51",,0
21/12/2022,21/12/2022,TAX BANK - Transfer    AA/BILL_CLEARANCE/POS111622/M2928182/RT222010318885/BILL_CLEARANCE/ZRB/OMAR FAKIH CHOUM,21/12/2022,,"45,000.00","3,259,282,552.51",,0
21/12/2022,21/12/2022,TAX BANK - Transfer    AA/BILL_CLEARANCE/POS111671/M2927854/RT222010319019/BILL_CLEARANCE/ZRB/HASSAN CHUM HAJI,21/12/2022,,"50,000.00","3,259,332,552.51",,0
21/12/2022,21/12/2022,TAX BANK - Transfer    AA/BILL_CLEARANCE/POS111671/M2927864/RT222010319087/BILL_CLEARANCE/ZRB/AMINA RASHID HUSSEIN,21/12/2022,,"50,000.00","3,259,382,552.51",,0
21/12/2022,21/12/2022,TAX BANK - Transfer    AA/BILL_CLEARANCE/POS111671/M2927910/RT222010319149/BILL_CLEARANCE/ZRB/HINDI SAID MOHAMMED,21/12/2022,,"50,000.00","3,259,432,552.51",,0
21/12/2022,21/12/2022,TAX BANK - Transfer    AA/BILL_CLEARANCE/POS111671/M2927908/RT222010319263/BILL_CLEARANCE/ZRB/JUMA ABDALLA ABDALLA,21/12/2022,,"50,000.00","3,259,482,552.51",,0
21/12/2022,21/12/2022,TAX BANK - Transfer    AA/BILL_CLEARANCE/POS111671/M2927896/RT222010319325/BILL_CLEARANCE/ZRB/MWARAB VUAI MOHAMMED,21/12/2022,,"50,000.00","3,259,532,552.51",,0
21/12/2022,21/12/2022,TAX BANK - Transfer    AA/BILL_CLEARANCE/POS111671/M2927924/RT222010319437/BILL_CLEARANCE/ZRB/AL-QUWIYYI ISLAMIC SCHOOL,21/12/2022,,"50,000.00","3,259,582,552.51",,0
21/12/2022,21/12/2022,CASH DEPOSIT    ZRB/T1532695/KALBY M ZU/5264091FROM IB Mpirani,21/12/2022,,"57,900.00","3,259,640,452.51",,0
21/12/2022,21/12/2022,CASH DEPOSIT    ZRB/T1537991/AHMED ABDA/5264099FROM Malindi Branch,21/12/2022,,"75,000.00","3,259,715,452.51",,0
21/12/2022,21/12/2022,TAX BANK - Transfer    AA/BILL_CLEARANCE/POS111671/M2927920/RT222010319547/BILL_CLEARANCE/ZRB/ULRICH STEFAN KRITZNER,21/12/2022,,"50,000.00","3,259,765,452.51",,0
21/12/2022,21/12/2022,TAX BANK - Transfer    AA/BILL_CLEARANCE/POS111671/M2927916/RT222010319587/BILL_CLEARANCE/ZRB/SULEIMAN JUMA HAMADI,21/12/2022,,"50,000.00","3,259,815,452.51",,0
21/12/2022,21/12/2022,TAX BANK - Transfer    AA/BILL_CLEARANCE/POS111671/M2927914/RT222010319628/BILL_CLEARANCE/ZRB/JAKU HASSAN MUSSA,21/12/2022,,"50,000.00","3,259,865,452.51",,0
21/12/2022,21/12/2022,TAX BANK - Transfer    AA/BILL_CLEARANCE/POS111671/M2928184/RT222010319709/BILL_CLEARANCE/ZRB/BAKARI JUMA BAKARI,21/12/2022,,"25,000.00","3,259,890,452.51",,0
21/12/2022,21/12/2022,TAX BANK - Transfer    AA/BILL_CLEARANCE/POS111671/M2928188/RT222010319829/BILL_CLEARANCE/ZRB/AMOUR ABDALLA JUMA,21/12/2022,,"50,000.00","3,259,940,452.51",,0
21/12/2022,21/12/2022,TAX BANK - Transfer    AA/BILL_CLEARANCE/POS111671/M2928008/RT222010319876/BILL_CLEARANCE/ZRB/JUMA SLEYUM SALUM,21/12/2022,,"60,000.00","3,260,000,452.51",,0
21/12/2022,21/12/2022,TAX BANK - Transfer    AA/BILL_CLEARANCE/POS111403/M2928208/RT222010319927/BILL_CLEARANCE/ZRB/HAJI HAMADI HAJI,21/12/2022,,"60,000.00","3,260,060,452.51",,0
21/12/2022,21/12/2022,TAX BANK - Transfer    AA/BILL_CLEARANCE/POS111122/T1536109/RT222010320059/BILL_CLEARANCE/ZRB/ZANZIBAR REVENUE BOARD,21/12/2022,,"10,000.00","3,260,070,452.51",,0
21/12/2022,21/12/2022,TAX BANK - Transfer    AA/BILL_CLEARANCE/POS111403/M2928212/RT222010320137/BILL_CLEARANCE/ZRB/SHARIFA MOHAMED RASHID,21/12/2022,,"60,000.00","3,260,130,452.51",,0
21/12/2022,21/12/2022,TAX BANK - Transfer    AA/BILL_CLEARANCE/POS111350/M2928206/RT222010320303/BILL_CLEARANCE/ZRB/AMOUR SULEIMAN AMOUR,21/12/2022,,"45,000.00","3,260,175,452.51",,0
21/12/2022,21/12/2022,TAX BANK - Transfer    AA/BILL_CLEARANCE/POS111622/M2928220/RT222010320313/BILL_CLEARANCE/ZRB/ABBASS ALI JUMA,21/12/2022,,"14,395.00","3,260,189,847.51",,0
21/12/2022,21/12/2022,TAX BANK - Transfer    AA/BILL_CLEARANCE/POS111403/M2928222/RT222010320317/BILL_CLEARANCE/ZRB/MUSSA BAKAR MAKUNGU,21/12/2022,,"35,000.00","3,260,224,847.51",,0
21/12/2022,21/12/2022,CASH DEPOSIT    ZRB/T1537213/NARABDA CH/5264425FROM Malindi Branch,21/12/2022,,"40,000.00","3,260,264,847.51",,0
21/12/2022,21/12/2022,TAX BANK - Transfer    AA/BILL_CLEARANCE/POS111452/M2928044/RT222010320361/BILL_CLEARANCE/ZRB/SHAIB OMAR FAKI,21/12/2022,,"25,000.00","3,260,289,847.51",,0
21/12/2022,21/12/2022,TAX BANK - Transfer    AA/BILL_CLEARANCE/POS111452/M2928100/RT222010320513/BILL_CLEARANCE/ZRB/MOHAMED HAJI DHAMIR,21/12/2022,,"50,000.00","3,260,339,847.51",,0
21/12/2022,21/12/2022,TAX BANK - Transfer    AA/BILL_CLEARANCE/POS111452/M2928080/RT222010320586/BILL_CLEARANCE/ZRB/AHMED MOHAMED KHAMIS,21/12/2022,,"25,000.00","3,260,364,847.51",,0
21/12/2022,21/12/2022,CASH DEPOSIT    ZRB/T1538005/RAMADHAN A/5264550FROM Malindi Branch,21/12/2022,,"46,900.00","3,260,411,747.51",,0
21/12/2022,21/12/2022,TAX BANK - Transfer    AA/BILL_CLEARANCE/POS111622/M2928236/RT222010321409/BILL_CLEARANCE/ZRB/VICTOR THADEO NYAMHANGA,21/12/2022,,"35,000.00","3,260,446,747.51",,0
21/12/2022,21/12/2022,TAX BANK - Transfer    AA/BILL_CLEARANCE/POS111452/M2928166/RT222010321574/BILL_CLEARANCE/ZRB/DARAL IMAN CHARITABLE,21/12/2022,,"40,000.00","3,260,486,747.51",,0
21/12/2022,21/12/2022,TAX BANK - Transfer    AA/BILL_CLEARANCE/POS111122/M2928260/RT222010321607/BILL_CLEARANCE/ZRB/SALIM KHATOR SALIM,21/12/2022,,"35,000.00","3,260,521,747.51",,0
21/12/2022,21/12/2022,TAX BANK - Transfer    AA/BILL_CLEARANCE/POS111452/M2928134/RT222010321629/BILL_CLEARANCE/ZRB/FATMA MOHAMED SAID,21/12/2022,,"50,000.00","3,260,571,747.51",,0
21/12/2022,21/12/2022,CASH DEPOSIT    ZRB/T1538019/KHAMIS ALI/5264740FROM Malindi Branch,21/12/2022,,"93,800.00","3,260,665,547.51",,0
21/12/2022,21/12/2022,TAX BANK - Transfer    AA/BILL_CLEARANCE/POS111452/M2928052/RT222010321702/BILL_CLEARANCE/ZRB/ABDULLA MOHAMMED KHAMIS,21/12/2022,,"25,000.00","3,260,690,547.51",,0
21/12/2022,21/12/2022,TAX BANK - Transfer    AA/BILL_CLEARANCE/POS111403/T1537985/RT222010321714/BILL_CLEARANCE/ZRB/ZANZIBAR REVENUE BOARD,21/12/2022,,"5,000.00","3,260,695,547.51",,0
21/12/2022,21/12/2022,TAX BANK - Transfer    AA/BILL_CLEARANCE/POS111452/M2928062/RT222010321765/BILL_CLEARANCE/ZRB/KHAMIS MAHIBU AKIDA,21/12/2022,,"25,000.00","3,260,720,547.51",,0
21/12/2022,21/12/2022,TAX BANK - Transfer    AA/BILL_CLEARANCE/POS111452/M2928128/RT222010321812/BILL_CLEARANCE/ZRB/UNGUJA PHARMACY LIMITED,21/12/2022,,"50,000.00","3,260,770,547.51",,0
21/12/2022,21/12/2022,TAX BANK - Transfer    AA/BILL_CLEARANCE/POS111452/M2928066/RT222010321842/BILL_CLEARANCE/ZRB/SEIF SALIM ALI,21/12/2022,,"25,000.00","3,260,795,547.51",,0
21/12/2022,21/12/2022,TAX BANK - Transfer    AA/BILL_CLEARANCE/POS111452/M2928076/RT222010321905/BILL_CLEARANCE/ZRB/MUHSINI OMARI MAHAMBA,21/12/2022,,"25,000.00","3,260,820,547.51",,0
21/12/2022,21/12/2022,TAX BANK - Transfer    AA/BILL_CLEARANCE/POS111403/T1538025/RT222010322056/BILL_CLEARANCE/ZRB/NASSOR ALI MOHAMMED,21/12/2022,,"150,000.00","3,260,970,547.51",,0
21/12/2022,21/12/2022,TAX BANK - Transfer    AA/BILL_CLEARANCE/POS111671/M2928242/RT222010322176/BILL_CLEARANCE/ZRB/SAID ALI SAID,21/12/2022,,"50,000.00","3,261,020,547.51",,0
21/12/2022,21/12/2022,TAX BANK - Transfer    AA/BILL_CLEARANCE/POS111122/M2928286/RT222010322222/BILL_CLEARANCE/ZRB/LAURE FRANCOISE CHAMBRAS,21/12/2022,,"60,000.00","3,261,080,547.51",,0
21/12/2022,21/12/2022,TAX BANK - Transfer    AA/BILL_CLEARANCE/POS111622/M2928294/RT222010322568/BILL_CLEARANCE/ZRB/NAJJASH KHAMIS LALI,21/12/2022,,"35,000.00","3,261,115,547.51",,0
21/12/2022,21/12/2022,TAX BANK - Transfer    AA/BILL_CLEARANCE/POS111122/T1537979/RT222010322852/BILL_CLEARANCE/ZRB/ZANZIBAR REVENUE BOARD,21/12/2022,,"5,000.00","3,261,120,547.51",,0
21/12/2022,21/12/2022,CASH DEPOSIT    ZRB/M2928234/MOH'D HAJI/5265230FROM Mwanakwerekwe Branch,21/12/2022,,"60,000.00","3,261,180,547.51",,0
21/12/2022,21/12/2022,TAX BANK - Transfer    AA/BILL_CLEARANCE/POS111403/T1538035/RT222010323077/BILL_CLEARANCE/ZRB/ZANZIBAR REVENUE BOARD,21/12/2022,,"50,000.00","3,261,230,547.51",,0
21/12/2022,21/12/2022,TAX BANK - Transfer    AA/BILL_CLEARANCE/POS111622/M2928308/RT222010323135/BILL_CLEARANCE/ZRB/,21/12/2022,,"10,000.00","3,261,240,547.51",,0
21/12/2022,21/12/2022,TAX BANK - Transfer    AA/BILL_CLEARANCE/POS111122/M2928306/RT222010323200/BILL_CLEARANCE/ZRB/MAKUNGU OMAR ALI,21/12/2022,,"35,000.00","3,261,275,547.51",,0
21/12/2022,21/12/2022,TAX BANK - Transfer    AA/BILL_CLEARANCE/POS111622/M2928314/RT222010323326/BILL_CLEARANCE/ZRB/MURSHID YUSSUF HAJI,21/12/2022,,"15,000.00","3,261,290,547.51",,0
21/12/2022,21/12/2022,TAX BANK - Transfer    AA/BILL_CLEARANCE/POS111403/M2928304/RT222010323401/BILL_CLEARANCE/ZRB/ABDULHALIM HAFIDH ABDULRAHMAN,21/12/2022,,"35,000.00","3,261,325,547.51",,0
21/12/2022,21/12/2022,TAX BANK - Transfer    AA/BILL_CLEARANCE/POS111671/M2928302/RT222010323453/BILL_CLEARANCE/ZRB/ABDULRAHMAN IDDI HAJI,21/12/2022,,"40,000.00","3,261,365,547.51",,0
21/12/2022,21/12/2022,CASH DEPOSIT    ZRB/T1538029/MAHMOUD OT/5265395FROM Malindi Branch,21/12/2022,,"150,000.00","3,261,515,547.51",,0
21/12/2022,21/12/2022,TAX BANK - Transfer    AA/BILL_CLEARANCE/POS111671/M2928160/RT222010323528/BILL_CLEARANCE/ZRB/KHAMIS MWALIM OMAR,21/12/2022,,"25,000.00","3,261,540,547.51",,0
21/12/2022,21/12/2022,TAX BANK - Transfer    AA/BILL_CLEARANCE/POS111122/M2928316/RT222010323562/BILL_CLEARANCE/ZRB/SALHA SULEIMAN MUHSIN,21/12/2022,,"35,000.00","3,261,575,547.51",,0
21/12/2022,21/12/2022,TAX BANK - Transfer    AA/BILL_CLEARANCE/POS111671/M2928150/RT222010323568/BILL_CLEARANCE/ZRB/SAID OMAR KIKANIKI,21/12/2022,,"50,000.00","3,261,625,547.51",,0
21/12/2022,21/12/2022,CASH DEPOSIT    ZRB/T1538031/ABDULATIF /5265449FROM Malindi Branch,21/12/2022,,"93,800.00","3,261,719,347.51",,0
21/12/2022,21/12/2022,TAX BANK - Transfer    AA/BILL_CLEARANCE/POS111671/M2928142/RT222010323604/BILL_CLEARANCE/ZRB/MALIK SEIF HAMED,21/12/2022,,"10,000.00","3,261,729,347.51",,0
21/12/2022,21/12/2022,CASH DEPOSIT    ZRB/M2928264/ALI SULEIM/5265495FROM Malindi Branch,21/12/2022,,"35,000.00","3,261,764,347.51",,0
21/12/2022,21/12/2022,TAX BANK - Transfer    AA/BILL_CLEARANCE/POS111403/M2928326/RT222010323739/BILL_CLEARANCE/ZRB/ALI MOHAMMED NAHODA,21/12/2022,,"60,000.00","3,261,824,347.51",,0
21/12/2022,21/12/2022,CASH DEPOSIT    ZRB/M2928300/PAUL DANIE/5265543FROM Malindi Branch,21/12/2022,,"35,000.00","3,261,859,347.51",,0
21/12/2022,21/12/2022,CASH DEPOSIT    ZRB/T1538033/ZAINAB ALI/5265578FROM Malindi Branch,21/12/2022,,"225,000.00","3,262,084,347.51",,0
21/12/2022,21/12/2022,INWARD TRANSFER STP 22124229 29 TELESECURITY CO LTD P. O. BOX 75442 ZANZIBAR 022277201 /RFB/T1525397FROM Center Branch,21/12/2022,,"348,300.00","3,262,432,647.51",,22124229
21/12/2022,21/12/2022,CASH DEPOSIT    ZRB/T1538041/MZEE JUMA /5265642FROM Malindi Branch,21/12/2022,,"93,800.00","3,262,526,447.51",,0
21/12/2022,21/12/2022,CASH DEPOSIT    ZRB/T1525129/KWETU KWEN/5265670FROM Malindi Branch,21/12/2022,,"4,200,000.00","3,266,726,447.51",,0
21/12/2022,21/12/2022,CASH DEPOSIT    ZRB/M2928276/NYANGE ABD/5265683FROM Malindi Branch,21/12/2022,,"35,000.00","3,266,761,447.51",,0
21/12/2022,21/12/2022,CASH DEPOSIT    ZRB/T1538039/JUMA SULEI/5265721FROM Malindi Branch,21/12/2022,,"40,000.00","3,266,801,447.51",,0
21/12/2022,21/12/2022,TAX BANK - Transfer    AA/BILL_CLEARANCE/POS111622/M2928342/RT222010324233/BILL_CLEARANCE/ZRB/HASSAN ALI HAJI,21/12/2022,,"35,000.00","3,266,836,447.51",,0
21/12/2022,21/12/2022,TAX BANK - Transfer    AA/BILL_CLEARANCE/POS111671/M2928336/RT222010324405/BILL_CLEARANCE/ZRB/ABDUL-KADIR OMAR KHATIBU,21/12/2022,,"25,000.00","3,266,861,447.51",,0
21/12/2022,21/12/2022,TAX BANK - Transfer    AA/BILL_CLEARANCE/POS111403/M2928340/RT222010324563/BILL_CLEARANCE/ZRB/HASSAN KHATIB ABDALLA,21/12/2022,,"45,000.00","3,266,906,447.51",,0
21/12/2022,21/12/2022,TAX BANK - Transfer    AA/BILL_CLEARANCE/POS111622/M2928352/RT222010324586/BILL_CLEARANCE/ZRB/SEIF KHAMIS RASHID,21/12/2022,,"40,000.00","3,266,946,447.51",,0
21/12/2022,21/12/2022,CASH DEPOSIT    ZRB/T1538045/JUMA FAKI /5265899FROM Malindi Branch,21/12/2022,,"93,800.00","3,267,040,247.51",,0
21/12/2022,21/12/2022,TAX BANK - Transfer    AA/BILL_CLEARANCE/POS111122/M2928348/RT222010324649/BILL_CLEARANCE/ZRB/THABIT SINANI MASOUD,21/12/2022,,"60,000.00","3,267,100,247.51",,0
21/12/2022,21/12/2022,TAX BANK - Transfer    AA/BILL_CLEARANCE/POS111403/T1538021/RT222010324655/BILL_CLEARANCE/ZRB/ZANZIBAR REVENUE BOARD,21/12/2022,,"10,000.00","3,267,110,247.51",,0
21/12/2022,21/12/2022,TAX BANK - Transfer    AA/BILL_CLEARANCE/POS111122/M2928350/RT222010324719/BILL_CLEARANCE/ZRB/RAMADHAND KHEIR BARAKA,21/12/2022,,"45,000.00","3,267,155,247.51",,0
21/12/2022,21/12/2022,CASH DEPOSIT    ZRB/M2928368/SHAFII ABD/5266142FROM Malindi Branch,21/12/2022,,"35,000.00","3,267,190,247.51",,0
21/12/2022,21/12/2022,TAX BANK - Transfer    AA/BILL_CLEARANCE/POS111122/M2928374/RT222010325350/BILL_CLEARANCE/ZRB/MWALIM KHALFAN KHAMIS,21/12/2022,,"20,000.00","3,267,210,247.51",,0
21/12/2022,21/12/2022,CASH DEPOSIT    ZRB/M2928356/TAEWOO NAM/5266233FROM Malindi Branch,21/12/2022,,"40,000.00","3,267,250,247.51",,0
21/12/2022,21/12/2022,TAX BANK - Transfer    AA/BILL_CLEARANCE/POS111403/M2928330/RT222010325455/BILL_CLEARANCE/ZRB/ABDUL-WAHID ABDULLA KHAMIS,21/12/2022,,"45,000.00","3,267,295,247.51",,0
21/12/2022,21/12/2022,CASH DEPOSIT    ZRB/T1537955/MUSTAFA MO/5266322FROM Malindi Branch,21/12/2022,,"93,800.00","3,267,389,047.51",,0
21/12/2022,21/12/2022,TAX BANK - Transfer    AA/BILL_CLEARANCE/POS111122/M2928378/RT222010325688/BILL_CLEARANCE/ZRB/AMOUR SULEIMAN MWINYI,21/12/2022,,"35,000.00","3,267,424,047.51",,0
21/12/2022,21/12/2022,TAX BANK - Transfer    AA/BILL_CLEARANCE/POS111403/M2928388/RT222010325866/BILL_CLEARANCE/ZRB/HAMED MKUBWA BILAL,21/12/2022,,"35,000.00","3,267,459,047.51",,0
21/12/2022,21/12/2022,TAX BANK - Transfer    AA/BILL_CLEARANCE/POS111122/T1538075/RT222010326041/BILL_CLEARANCE/ZRB/ZAN TOURS LTD,21/12/2022,,"5,000.00","3,267,464,047.51",,0
21/12/2022,21/12/2022,TAX BANK - Transfer    AA/BILL_CLEARANCE/POS111671/M2928372/RT222010326065/BILL_CLEARANCE/ZRB/MOHAMMED OMAR MOHAMMED,21/12/2022,,"50,000.00","3,267,514,047.51",,0
21/12/2022,21/12/2022,TAX BANK - Transfer    AA/BILL_CLEARANCE/POS111671/M2928380/RT222010326119/BILL_CLEARANCE/ZRB/ISSA MOHAMMED SELELE,21/12/2022,,"50,000.00","3,267,564,047.51",,0
21/12/2022,21/12/2022,TAX BANK - Transfer    AA/BILL_CLEARANCE/POS111622/T1538079/RT222010326125/BILL_CLEARANCE/ZRB/ZAN TOURS LTD,21/12/2022,,"5,000.00","3,267,569,047.51",,0
21/12/2022,21/12/2022,TAX BANK - Transfer    AA/BILL_CLEARANCE/POS111403/T1538073/RT222010326133/BILL_CLEARANCE/ZRB/ZAN TOURS LTD,21/12/2022,,"5,000.00","3,267,574,047.51",,0
21/12/2022,21/12/2022,CASH DEPOSIT    ZRB/T1538081/JUMA OTHMA/5266493FROM Mlandege Branch,21/12/2022,,"10,000.00","3,267,584,047.51",,0
21/12/2022,21/12/2022,TAX BANK - Transfer    AA/BILL_CLEARANCE/POS111671/M2928384/RT222010326195/BILL_CLEARANCE/ZRB/ISSA MOHAMMED SELELE,21/12/2022,,"50,000.00","3,267,634,047.51",,0
21/12/2022,21/12/2022,TAX BANK - Transfer    AA/BILL_CLEARANCE/POS111671/M2928386/RT222010326648/BILL_CLEARANCE/ZRB/KEKI KISIWA COMPANY LIMITED,21/12/2022,,"50,000.00","3,267,684,047.51",,0
21/12/2022,21/12/2022,TAX BANK - Transfer    AA/BILL_CLEARANCE/POS111622/M2928394/RT222010326680/BILL_CLEARANCE/ZRB/AYSHA MBARAK MEGHJI,21/12/2022,,"60,000.00","3,267,744,047.51",,0
21/12/2022,21/12/2022,TAX BANK - Transfer    AA/BILL_CLEARANCE/POS111350/T1538063/RT222010326737/BILL_CLEARANCE/ZRB/ABDILAHI RIYAMI ALI,21/12/2022,,"100,000.00","3,267,844,047.51",,0
21/12/2022,21/12/2022,TAX BANK - Transfer    AA/BILL_CLEARANCE/POS111374/M2928200/RT222010326781/BILL_CLEARANCE/ZRB/MWARABU ALI SAID MAJONDO,21/12/2022,,"67,000.00","3,267,911,047.51",,0
21/12/2022,21/12/2022,TAX BANK - Transfer    AA/BILL_CLEARANCE/POS111671/M2928390/RT222010326866/BILL_CLEARANCE/ZRB/KHAMISI SULEIMAN SAID,21/12/2022,,"37,760.00","3,267,948,807.51",,0
21/12/2022,21/12/2022,TAX BANK - Transfer    AA/BILL_CLEARANCE/POS111374/M2928194/RT222010326888/BILL_CLEARANCE/ZRB/MWARABU ALI SAID MAJONDO,21/12/2022,,"67,000.00","3,268,015,807.51",,0
21/12/2022,21/12/2022,TAX BANK - Transfer    AA/BILL_CLEARANCE/POS111624/T1531441/RT222010326935/BILL_CLEARANCE/ZRB/MUSSA ABDULLA MUSSA,21/12/2022,,"122,400.00","3,268,138,207.51",,0
21/12/2022,21/12/2022,TAX BANK - Transfer    ZRB/T1537971/SHINUNA SALEH/20058439,21/12/2022,,"162,000.00","3,268,300,207.51",,0
21/12/2022,21/12/2022,TAX BANK - Transfer    AA/BILL_CLEARANCE/POS111317/M2928360/RT222010327036/BILL_CLEARANCE/ZRB/NMB BANK PUBLIC LIMITED COMPANY,21/12/2022,,"75,000.00","3,268,375,207.51",,0
21/12/2022,21/12/2022,TAX BANK - Transfer    AA/BILL_CLEARANCE/POS111317/M2928366/RT222010327138/BILL_CLEARANCE/ZRB/NMB BANK PUBLIC LIMITED COMPANY,21/12/2022,,"75,000.00","3,268,450,207.51",,0
21/12/2022,21/12/2022,CASH DEPOSIT    ZRB/T1523929/MAKADA COM/5267271FROM Malindi Branch,21/12/2022,,"1,126,000.00","3,269,576,207.51",,0
21/12/2022,21/12/2022,TAX BANK - Transfer    AA/BILL_CLEARANCE/POS111122/M2928428/RT222010328504/BILL_CLEARANCE/ZRB/ABDULLATIF HAMAD ABDULLA,21/12/2022,,"35,000.00","3,269,611,207.51",,0
21/12/2022,21/12/2022,CASH DEPOSIT    ZRB/M2928420/MUHAMAD AL/5267400FROM Chake Chake Branch,21/12/2022,,"35,000.00","3,269,646,207.51",,0
21/12/2022,21/12/2022,CASH DEPOSIT    ZRB/T1538083/NAJMA THIN/5267456FROM Malindi Branch,21/12/2022,,"100,000.00","3,269,746,207.51",,0
21/12/2022,21/12/2022,TAX BANK - Transfer    AA/BILL_CLEARANCE/POS111624/T1538001/RT222010328780/BILL_CLEARANCE/ZRB/KHALIFA NISHAD AME,21/12/2022,,"140,000.00","3,269,886,207.51",,0
21/12/2022,21/12/2022,CASH DEPOSIT    ZRB/T1538113/KHAMIS MTU/5267703FROM Mlandege Branch,21/12/2022,,"20,000.00","3,269,906,207.51",,0
21/12/2022,21/12/2022,CASH DEPOSIT    ZRB/M2927460/SHEHA HAJI/5267731FROM Malindi Branch,21/12/2022,,"50,000.00","3,269,956,207.51",,0
21/12/2022,21/12/2022,CASH DEPOSIT    ZRB/M2928434/SUDI MWALI/5267723FROM Wete Branch,21/12/2022,,"35,000.00","3,269,991,207.51",,0
21/12/2022,21/12/2022,TAX BANK - Transfer    AA/BILL_CLEARANCE/POS111622/M2928450/RT222010329317/BILL_CLEARANCE/ZRB/MOHAMMED OMAR MOHAMMED,21/12/2022,,"35,000.00","3,270,026,207.51",,0
21/12/2022,21/12/2022,CASH DEPOSIT    ZRB/M2927982/ABDALLAH M/5267822FROM Malindi Branch,21/12/2022,,"67,000.00","3,270,093,207.51",,0
21/12/2022,21/12/2022,TAX BANK - Transfer    AA/BILL_CLEARANCE/POS111671/M2928090/RT222010329405/BILL_CLEARANCE/ZRB/NASSOR   MOHD HAMDAN,21/12/2022,,"75,000.00","3,270,168,207.51",,0
21/12/2022,21/12/2022,CASH DEPOSIT    ZRB/M2928022/ABDALLAH M/5267837FROM Malindi Branch,21/12/2022,,"75,000.00","3,270,243,207.51",,0
21/12/2022,21/12/2022,TAX BANK - Transfer    AA/BILL_CLEARANCE/POS111403/M2928456/RT222010329425/BILL_CLEARANCE/ZRB/HAJI ABDALLAH YUSSUF,21/12/2022,,"35,000.00","3,270,278,207.51",,0
21/12/2022,21/12/2022,CASH DEPOSIT    ZRB/M2927998/ABDALLAH M/5267843FROM Malindi Branch,21/12/2022,,"75,000.00","3,270,353,207.51",,0
21/12/2022,21/12/2022,TAX BANK - Transfer    AA/BILL_CLEARANCE/POS111671/M2928282/RT222010329457/BILL_CLEARANCE/ZRB/NASSOR   MOHD HAMDAN,21/12/2022,,"75,000.00","3,270,428,207.51",,0
21/12/2022,21/12/2022,CASH DEPOSIT    ZRB/M2928028/ABDALLAH M/5267853FROM Malindi Branch,21/12/2022,,"75,000.00","3,270,503,207.51",,0
21/12/2022,21/12/2022,CASH DEPOSIT    ZRB/M2927976/ABDALLAH M/5267868FROM Malindi Branch,21/12/2022,,"75,000.00","3,270,578,207.51",,0
21/12/2022,21/12/2022,TAX BANK - Transfer    AA/BILL_CLEARANCE/POS111122/M2928464/RT222010329479/BILL_CLEARANCE/ZRB/SAID HAFIDH AMEIR,21/12/2022,,"35,000.00","3,270,613,207.51",,0
21/12/2022,21/12/2022,CASH DEPOSIT    ZRB/M2928038/ABDALLAH M/5267877FROM Malindi Branch,21/12/2022,,"75,000.00","3,270,688,207.51",,0
21/12/2022,21/12/2022,TAX BANK - Transfer    AA/BILL_CLEARANCE/POS111671/M2928086/RT222010329499/BILL_CLEARANCE/ZRB/NASSOR   MOHD HAMDAN,21/12/2022,,"75,000.00","3,270,763,207.51",,0
21/12/2022,21/12/2022,CASH DEPOSIT    ZRB/M2928010/ABDALLAH M/5267878FROM Malindi Branch,21/12/2022,,"75,000.00","3,270,838,207.51",,0
21/12/2022,21/12/2022,CASH DEPOSIT    ZRB/M2927958/ABDALLAH M/5267887FROM Malindi Branch,21/12/2022,,"75,000.00","3,270,913,207.51",,0
21/12/2022,21/12/2022,CASH DEPOSIT    ZRB/T1538117/ERIC CHAUL/5267882FROM Mlandege Branch,21/12/2022,,"20,000.00","3,270,933,207.51",,0
21/12/2022,21/12/2022,TAX BANK - Transfer    AA/BILL_CLEARANCE/POS111671/M2928268/RT222010329571/BILL_CLEARANCE/ZRB/NASSOR   MOHD HAMDAN,21/12/2022,,"75,000.00","3,271,008,207.51",,0
21/12/2022,21/12/2022,INWARD TRANSFER STP 22124302 29 FLIGHTLINK LTD CERT OF INCORP:40820 T1522289 AIRPORT TAX FOR NOV 2022.FROM Center Branch,21/12/2022,,"27,750,000.00","3,298,758,207.51",,22124302
21/12/2022,21/12/2022,TAX BANK - Transfer    AA/BILL_CLEARANCE/POS111403/M2928468/RT222010329607/BILL_CLEARANCE/ZRB/YUSSUF MOHAMMED KHAMIS,21/12/2022,,"5,660.00","3,298,763,867.51",,0
21/12/2022,21/12/2022,TAX BANK - Transfer    AA/BILL_CLEARANCE/POS111671/M2928266/RT222010329685/BILL_CLEARANCE/ZRB/NASSOR   MOHD HAMDAN,21/12/2022,,"75,000.00","3,298,838,867.51",,0
21/12/2022,21/12/2022,TAX BANK - Transfer    AA/BILL_CLEARANCE/POS111671/M2928256/RT222010329749/BILL_CLEARANCE/ZRB/NASSOR   MOHD HAMDAN,21/12/2022,,"75,000.00","3,298,913,867.51",,0
21/12/2022,21/12/2022,TAX BANK - Transfer    AA/BILL_CLEARANCE/POS111671/M2928246/RT222010329802/BILL_CLEARANCE/ZRB/NASSOR   MOHD HAMDAN,21/12/2022,,"75,000.00","3,298,988,867.51",,0
21/12/2022,21/12/2022,TAX BANK - Transfer    AA/BILL_CLEARANCE/POS111671/M2928254/RT222010329843/BILL_CLEARANCE/ZRB/NASSOR   MOHD HAMDAN,21/12/2022,,"75,000.00","3,299,063,867.51",,0
21/12/2022,21/12/2022,CASH DEPOSIT    ZRB/M2928476/MWALIM ALI/5267982FROM Chake Chake Branch,21/12/2022,,"35,000.00","3,299,098,867.51",,0
21/12/2022,21/12/2022,TAX BANK - Transfer    AA/BILL_CLEARANCE/POS111671/M2928248/RT222010329897/BILL_CLEARANCE/ZRB/NASSOR   MOHD HAMDAN,21/12/2022,,"75,000.00","3,299,173,867.51",,0
21/12/2022,21/12/2022,TAX BANK - Transfer    AA/BILL_CLEARANCE/POS111622/M2928480/RT222010329937/BILL_CLEARANCE/ZRB/ALI HAJI ALI,21/12/2022,,"35,000.00","3,299,208,867.51",,0
21/12/2022,21/12/2022,TAX BANK - Transfer    AA/BILL_CLEARANCE/POS111671/M2928238/RT222010329955/BILL_CLEARANCE/ZRB/NASSOR   MOHD HAMDAN,21/12/2022,,"75,000.00","3,299,283,867.51",,0
21/12/2022,21/12/2022,TAX BANK - Transfer    AA/BILL_CLEARANCE/POS111122/M2928486/RT222010330132/BILL_CLEARANCE/ZRB/TAFANA JUMA ABDALLA,21/12/2022,,"35,000.00","3,299,318,867.51",,0
21/12/2022,21/12/2022,CASH DEPOSIT    ZRB/M2928012/ABDALLAH M/5268122FROM Malindi Branch,21/12/2022,,"75,000.00","3,299,393,867.51",,0
21/12/2022,21/12/2022,CASH DEPOSIT    ZRB/M2928000/ABDALLAH M/5268140FROM Malindi Branch,21/12/2022,,"67,000.00","3,299,460,867.51",,0
21/12/2022,21/12/2022,CASH DEPOSIT    ZRB/M2928040/ABDALLAH M/5268152FROM Malindi Branch,21/12/2022,,"75,000.00","3,299,535,867.51",,0
21/12/2022,21/12/2022,CASH DEPOSIT    ZRB/M2928032/ABDALLAH M/5268160FROM Malindi Branch,21/12/2022,,"67,000.00","3,299,602,867.51",,0
21/12/2022,21/12/2022,CASH DEPOSIT    ZRB/M2928026/ABDALLAH M/5268170FROM Malindi Branch,21/12/2022,,"67,000.00","3,299,669,867.51",,0
21/12/2022,21/12/2022,CASH DEPOSIT    ZRB/T1538105/HASSAN ALI/5268173FROM Malindi Branch,21/12/2022,,"150,000.00","3,299,819,867.51",,0
21/12/2022,21/12/2022,CASH DEPOSIT    ZRB/M2928018/ABDALLAH M/5268180FROM Malindi Branch,21/12/2022,,"67,000.00","3,299,886,867.51",,0
21/12/2022,21/12/2022,CASH DEPOSIT    ZRB/T1538109/ABDALLA YA/5268290FROM Malindi Branch,21/12/2022,,"112,500.00","3,299,999,367.51",,0
21/12/2022,21/12/2022,TAX BANK - Transfer    AA/BILL_CLEARANCE/POS111122/M2928502/RT222010330638/BILL_CLEARANCE/ZRB/YUSSUF JUMA JUMA,21/12/2022,,"15,000.00","3,300,014,367.51",,0
21/12/2022,21/12/2022,TAX BANK - Transfer    AA/BILL_CLEARANCE/POS111622/M2928500/RT222010330692/BILL_CLEARANCE/ZRB/SHAFII HAMISI ABDALA,21/12/2022,,"35,000.00","3,300,049,367.51",,0
21/12/2022,21/12/2022,TAX BANK - Transfer    AA/BILL_CLEARANCE/POS111403/M2928504/RT222010330706/BILL_CLEARANCE/ZRB/SALUM KHAMIS ABDULLA,21/12/2022,,"50,000.00","3,300,099,367.51",,0
21/12/2022,21/12/2022,CASH DEPOSIT    ZRB/T1538129/ABDILLAH H/5268347FROM Mlandege Branch,21/12/2022,,"10,000.00","3,300,109,367.51",,0
21/12/2022,21/12/2022,CASH DEPOSIT    ZRB/M2928490/KATJA UNKA/5268372FROM Malindi Branch,21/12/2022,,"5,660.00","3,300,115,027.51",,0
21/12/2022,21/12/2022,CASH DEPOSIT    ZRB/M2928466/AHMED MOHA/5268443FROM Malindi Branch,21/12/2022,,"35,000.00","3,300,150,027.51",,0
21/12/2022,21/12/2022,TAX BANK - Transfer    AA/BILL_CLEARANCE/POS111671/M2928448/RT222010330959/BILL_CLEARANCE/ZRB/ALI JUMA ALI,21/12/2022,,"20,000.00","3,300,170,027.51",,0
21/12/2022,21/12/2022,CASH DEPOSIT    ZRB/T1538125/SEIF SAID /5268521FROM Malindi Branch,21/12/2022,,"150,000.00","3,300,320,027.51",,0
21/12/2022,21/12/2022,CASH DEPOSIT    ZRB/T1538121/SEIF SAID /5268530FROM Malindi Branch,21/12/2022,,"150,000.00","3,300,470,027.51",,0
21/12/2022,21/12/2022,TAX BANK - Transfer    ZRB/T1537981/AWATIF ALI/20060667,21/12/2022,,"5,000.00","3,300,475,027.51",,0
21/12/2022,21/12/2022,TAX BANK - Transfer    AA/BILL_CLEARANCE/POS111671/M2928228/RT222010331727/BILL_CLEARANCE/ZRB/NASSOR   MOHD HAMDAN,21/12/2022,,"75,000.00","3,300,550,027.51",,0
21/12/2022,21/12/2022,CASH DEPOSIT    ZRB/M2928522/DHAHIRA MB/5268659FROM Wete Branch,21/12/2022,,"45,000.00","3,300,595,027.51",,0
21/12/2022,21/12/2022,CASH DEPOSIT    ZRB/M2928496/-/5268671FROM Malindi Branch,21/12/2022,,"10,000.00","3,300,605,027.51",,0
21/12/2022,21/12/2022,TAX BANK - Transfer    AA/BILL_CLEARANCE/POS111403/M2928518/RT222010331823/BILL_CLEARANCE/ZRB/ABDILLAH KHAMIS HASHIR,21/12/2022,,"50,000.00","3,300,655,027.51",,0
21/12/2022,21/12/2022,TAX BANK - Transfer    AA/BILL_CLEARANCE/POS111671/M2928240/RT222010331839/BILL_CLEARANCE/ZRB/NASSOR   MOHD HAMDAN,21/12/2022,,"75,000.00","3,300,730,027.51",,0
21/12/2022,21/12/2022,TAX BANK - Transfer    AA/BILL_CLEARANCE/POS111671/M2928218/RT222010332062/BILL_CLEARANCE/ZRB/NASSOR   MOHD HAMDAN,21/12/2022,,"75,000.00","3,300,805,027.51",,0
21/12/2022,21/12/2022,TAX BANK - Transfer    AA/BILL_CLEARANCE/POS111671/M2928216/RT222010332135/BILL_CLEARANCE/ZRB/NASSOR   MOHD HAMDAN,21/12/2022,,"75,000.00","3,300,880,027.51",,0
21/12/2022,21/12/2022,TAX BANK - Transfer    ZRB/M2923064/MAULID BYUU/20060974,21/12/2022,,"50,000.00","3,300,930,027.51",,0
21/12/2022,21/12/2022,TAX BANK - Transfer    AA/BILL_CLEARANCE/POS111671/M2928204/RT222010332235/BILL_CLEARANCE/ZRB/NASSOR   MOHD HAMDAN,21/12/2022,,"75,000.00","3,301,005,027.51",,0
21/12/2022,21/12/2022,CASH DEPOSIT    ZRB/T1532301/USHA JAYES/5268792FROM Malindi Branch,21/12/2022,,"211,800.00","3,301,216,827.51",,0
21/12/2022,21/12/2022,TAX BANK - Transfer    AA/BILL_CLEARANCE/POS111122/M2928512/RT222010332289/BILL_CLEARANCE/ZRB/MUSTAFA KHAMIS MUHAMMAD,21/12/2022,,"130,000.00","3,301,346,827.51",,0
21/12/2022,21/12/2022,TAX BANK - Transfer    AA/BILL_CLEARANCE/POS111671/M2928196/RT222010332297/BILL_CLEARANCE/ZRB/NASSOR   MOHD HAMDAN,21/12/2022,,"75,000.00","3,301,421,827.51",,0
21/12/2022,21/12/2022,CASH DEPOSIT    ZRB/T1538017/ZANZIBAR R/5268820FROM Malindi Branch,21/12/2022,,"10,000.00","3,301,431,827.51",,0
21/12/2022,21/12/2022,TAX BANK - Transfer    AA/BILL_CLEARANCE/POS111622/M2928530/RT222010332351/BILL_CLEARANCE/ZRB/KHAMIS MAKAME MASOUD,21/12/2022,,"60,000.00","3,301,491,827.51",,0
21/12/2022,21/12/2022,TAX BANK - Transfer    AA/BILL_CLEARANCE/POS111671/M2928190/RT222010332372/BILL_CLEARANCE/ZRB/NASSOR   MOHD HAMDAN,21/12/2022,,"75,000.00","3,301,566,827.51",,0
21/12/2022,21/12/2022,CASH DEPOSIT    ZRB/T1538137/HAJI UBWA /5268875FROM Mlandege Branch,21/12/2022,,"50,000.00","3,301,616,827.51",,0
21/12/2022,21/12/2022,TAX BANK - Transfer    AA/BILL_CLEARANCE/POS111671/M2928180/RT222010332494/BILL_CLEARANCE/ZRB/NASSOR   MOHD HAMDAN,21/12/2022,,"75,000.00","3,301,691,827.51",,0
21/12/2022,21/12/2022,TAX BANK - Transfer    AA/BILL_CLEARANCE/POS111671/M2928176/RT222010332515/BILL_CLEARANCE/ZRB/NASSOR   MOHD HAMDAN,21/12/2022,,"75,000.00","3,301,766,827.51",,0
21/12/2022,21/12/2022,TAX BANK - Transfer    AA/BILL_CLEARANCE/POS111671/M2928170/RT222010332574/BILL_CLEARANCE/ZRB/NASSOR   MOHD HAMDAN,21/12/2022,,"75,000.00","3,301,841,827.51",,0
21/12/2022,21/12/2022,TAX BANK - Transfer    AA/BILL_CLEARANCE/POS111671/M2928162/RT222010332612/BILL_CLEARANCE/ZRB/NASSOR   MOHD HAMDAN,21/12/2022,,"75,000.00","3,301,916,827.51",,0
21/12/2022,21/12/2022,CASH DEPOSIT    ZRB/T1538133/IBRAHIM MO/5268978FROM Malindi Branch,21/12/2022,,"100,000.00","3,302,016,827.51",,0
21/12/2022,21/12/2022,TAX BANK - Transfer    AA/BILL_CLEARANCE/POS111403/T1538149/RT222010332642/BILL_CLEARANCE/ZRB/ABDALLAH ZAHOR  RASHID,21/12/2022,,"93,800.00","3,302,110,627.51",,0
21/12/2022,21/12/2022,TAX BANK - Transfer    AA/BILL_CLEARANCE/POS111671/M2928148/RT222010332660/BILL_CLEARANCE/ZRB/NASSOR   MOHD HAMDAN,21/12/2022,,"75,000.00","3,302,185,627.51",,0
21/12/2022,21/12/2022,TAX BANK - Transfer    AA/BILL_CLEARANCE/POS111671/M2928112/RT222010332712/BILL_CLEARANCE/ZRB/NASSOR   MOHD HAMDAN,21/12/2022,,"75,000.00","3,302,260,627.51",,0
21/12/2022,21/12/2022,CASH DEPOSIT    ZRB/M2928542/BAKAR SHAH/5269028FROM Malindi Branch,21/12/2022,,"35,000.00","3,302,295,627.51",,0
21/12/2022,21/12/2022,TAX BANK - Transfer    AA/BILL_CLEARANCE/POS111671/M2928096/RT222010332756/BILL_CLEARANCE/ZRB/NASSOR   MOHD HAMDAN,21/12/2022,,"75,000.00","3,302,370,627.51",,0
21/12/2022,21/12/2022,TAX BANK - Transfer    AA/BILL_CLEARANCE/POS111671/M2928132/RT222010332804/BILL_CLEARANCE/ZRB/NASSOR   MOHD HAMDAN,21/12/2022,,"67,000.00","3,302,437,627.51",,0
21/12/2022,21/12/2022,TAX BANK - Transfer    AA/BILL_CLEARANCE/POS111403/M2928548/RT222010332876/BILL_CLEARANCE/ZRB/MWINYI SHAABAN MWINYI,21/12/2022,,"35,000.00","3,302,472,627.51",,0
21/12/2022,21/12/2022,TAX BANK - Transfer    AA/BILL_CLEARANCE/POS111671/M2928526/RT222010332910/BILL_CLEARANCE/ZRB/TAKI ABDALLA HABIBU,21/12/2022,,"130,000.00","3,302,602,627.51",,0
21/12/2022,21/12/2022,CASH DEPOSIT    ZRB/M2928550/ANUWAR SUL/5269145FROM Malindi Branch,21/12/2022,,"35,000.00","3,302,637,627.51",,0
21/12/2022,21/12/2022,TAX BANK - Transfer    AA/BILL_CLEARANCE/POS111122/M2928544/RT222010333098/BILL_CLEARANCE/ZRB/NADHIFA KHAMIS MAKAME,21/12/2022,,"75,000.00","3,302,712,627.51",,0
21/12/2022,21/12/2022,TAX BANK - Transfer    AA/BILL_CLEARANCE/POS111403/M2928474/RT222010333120/BILL_CLEARANCE/ZRB/ABDULLA SALUM ABDULLA,21/12/2022,,"35,000.00","3,302,747,627.51",,0
21/12/2022,21/12/2022,TAX BANK - Transfer    AA/BILL_CLEARANCE/POS111122/M2928552/RT222010333202/BILL_CLEARANCE/ZRB/ISMAIL KHAMIS MIRAJI,21/12/2022,,"35,000.00","3,302,782,627.51",,0
21/12/2022,21/12/2022,TAX BANK - Transfer    ZRB/M2928554/MAULID BYUU/20061463,21/12/2022,,"10,000.00","3,302,792,627.51",,0
21/12/2022,21/12/2022,CASH DEPOSIT    ZRB/T1538161/AME JUMA K/5269348FROM Malindi Branch,21/12/2022,,"112,500.00","3,302,905,127.51",,0
21/12/2022,21/12/2022,TAX BANK - Transfer    AA/BILL_CLEARANCE/POS111505/M2927930/RT222010333674/BILL_CLEARANCE/ZRB/PROGRESSIVE ENGINEERING CONSTRUCTION COMPANY LIMITED,21/12/2022,,"130,000.00","3,303,035,127.51",,0
21/12/2022,21/12/2022,TAX BANK - Transfer    AA/BILL_CLEARANCE/POS111403/M2928570/RT222010333686/BILL_CLEARANCE/ZRB/ALI JUMA MOHAMED,21/12/2022,,"35,000.00","3,303,070,127.51",,0
21/12/2022,21/12/2022,CASH DEPOSIT    ZRB/M2927392/SALHA SALE/5269647FROM Malindi Branch,21/12/2022,,"40,000.00","3,303,110,127.51",,0
21/12/2022,21/12/2022,TAX BANK - Transfer    ZRB/M2928598/SALUM ABRAHMAN/20061776,21/12/2022,,"50,000.00","3,303,160,127.51",,0
21/12/2022,21/12/2022,CASH DEPOSIT    ZRB/T1538199/HALIM ABDA/5269755FROM Mlandege Branch,21/12/2022,,"50,000.00","3,303,210,127.51",,0
21/12/2022,21/12/2022,CASH DEPOSIT    ZRB/M2928604/ABDULKADIR/5269761FROM Malindi Branch,21/12/2022,,"35,000.00","3,303,245,127.51",,0
21/12/2022,21/12/2022,TAX BANK - Transfer    AA/BILL_CLEARANCE/POS111403/M2928590/RT222010334547/BILL_CLEARANCE/ZRB/MWINJUMA MWINSHEHE MOHAMMED,21/12/2022,,"35,000.00","3,303,280,127.51",,0
21/12/2022,21/12/2022,CASH DEPOSIT    ZRB/M2928618/ALPHANI ZU/5269941FROM Malindi Branch,21/12/2022,,"45,000.00","3,303,325,127.51",,0
21/12/2022,21/12/2022,CASH DEPOSIT    ZRB/T1517177/CHARLES PE/5270245FROM Malindi Branch,21/12/2022,,"490,500.00","3,303,815,627.51",,0
21/12/2022,21/12/2022,TAX BANK - Transfer    AA/BILL_CLEARANCE/POS111122/T1538211/RT222010335509/BILL_CLEARANCE/ZRB/AME SULEIMAN HAJI,21/12/2022,,"150,000.00","3,303,965,627.51",,0
21/12/2022,21/12/2022,CASH DEPOSIT    ZRB/T1538207/KHADIJA AL/5270289FROM Malindi Branch,21/12/2022,,"75,000.00","3,304,040,627.51",,0
21/12/2022,21/12/2022,CASH DEPOSIT    ZRB/M2928642/JAFFAR KHA/5270306FROM Malindi Branch,21/12/2022,,"35,000.00","3,304,075,627.51",,0
21/12/2022,21/12/2022,CASH DEPOSIT    ZRB/T1538171/MARMARA SA/5270319FROM Malindi Branch,21/12/2022,,"100,000.00","3,304,175,627.51",,0
21/12/2022,21/12/2022,CASH DEPOSIT    ZRB/T1538195/KHAMIS ZAI/5270626FROM Malindi Branch,21/12/2022,,"149,400.00","3,304,325,027.51",,0
21/12/2022,21/12/2022,TAX BANK - Transfer    ZRB/T1537977/AWATIF ALI/20062508,21/12/2022,,"5,000.00","3,304,330,027.51",,0
21/12/2022,21/12/2022,TAX BANK - Transfer    AA/BILL_CLEARANCE/POS111122/M2928646/RT222010336997/BILL_CLEARANCE/ZRB/MOHAMMED AME MACHANO,21/12/2022,,"35,000.00","3,304,365,027.51",,0
21/12/2022,21/12/2022,TAX BANK - Transfer    AA/BILL_CLEARANCE/POS111122/T1538221/RT222010337111/BILL_CLEARANCE/ZRB/ALI HASSAN ALI,21/12/2022,,"100,000.00","3,304,465,027.51",,0
21/12/2022,21/12/2022,TAX BANK - Transfer    AA/BILL_CLEARANCE/POS111403/T1537975/RT222010337337/BILL_CLEARANCE/ZRB/ZANZIBAR REVENUE BOARD,21/12/2022,,"5,000.00","3,304,470,027.51",,0
21/12/2022,21/12/2022,TAX BANK - Transfer    AA/BILL_CLEARANCE/POS111122/T1538239/RT222010337403/BILL_CLEARANCE/ZRB/SULEIMAN AHMADA MAALIM,21/12/2022,,"75,000.00","3,304,545,027.51",,0
21/12/2022,21/12/2022,TAX BANK - Transfer    AA/BILL_CLEARANCE/POS111403/T1536167/RT222010337445/BILL_CLEARANCE/ZRB/ZANZIBAR REVENUE BOARD,21/12/2022,,"5,000.00","3,304,550,027.51",,0
21/12/2022,21/12/2022,CASH DEPOSIT    ZRB/T1537201/MWALIM KHA/5270886FROM Malindi Branch,21/12/2022,,"40,000.00","3,304,590,027.51",,0
21/12/2022,21/12/2022,CASH DEPOSIT    ZRB/T1538223/SIMAI MKAD/5270954FROM Malindi Branch,21/12/2022,,"40,000.00","3,304,630,027.51",,0
21/12/2022,21/12/2022,TAX BANK - Transfer    AA/BILL_CLEARANCE/POS111403/T1536157/RT222010337583/BILL_CLEARANCE/ZRB/ZANZIBAR REVENUE BOARD,21/12/2022,,"5,000.00","3,304,635,027.51",,0
21/12/2022,21/12/2022,TAX BANK - Transfer    AA/BILL_CLEARANCE/POS111122/T1538245/RT222010337659/BILL_CLEARANCE/ZRB/HUSSEIN HASHIM HUSSEIN,21/12/2022,,"93,800.00","3,304,728,827.51",,0
21/12/2022,21/12/2022,TAX BANK - Transfer    AA/BILL_CLEARANCE/POS111403/M2928644/RT222010337681/BILL_CLEARANCE/ZRB/BAKAR HAJI MAKAME,21/12/2022,,"25,000.00","3,304,753,827.51",,0
21/12/2022,21/12/2022,TAX BANK - Transfer    AA/BILL_CLEARANCE/POS111403/M2928666/RT222010337862/BILL_CLEARANCE/ZRB/HUSSEIN KOMBO OMAR,21/12/2022,,"35,000.00","3,304,788,827.51",,0
21/12/2022,21/12/2022,CASH DEPOSIT    ZRB/T1532119/SAADA NASS/5271192FROM Malindi Branch,21/12/2022,,"41,700.00","3,304,830,527.51",,0
21/12/2022,21/12/2022,CASH DEPOSIT    ZRB/M2928668/MICHAEL DI/5271252FROM Malindi Branch,21/12/2022,,"35,000.00","3,304,865,527.51",,0
21/12/2022,21/12/2022,TAX BANK - Transfer    ZRB/T1530301/ZANZIBAR REVENUE BOARD/5271399,21/12/2022,,"5,370,176.95","3,310,235,704.46",,0
21/12/2022,21/12/2022,TAX BANK - Transfer    ZRB/T1532387/ZANZIBAR ELECTRICITY CORPORATION (UNGUJA)/5271450,21/12/2022,,"1,498,390,748.39","4,808,626,452.85",,0
21/12/2022,21/12/2022,CASH DEPOSIT    ZRB/M2928684/NABAHAN MO/5271832FROM Malindi Branch,21/12/2022,,"45,000.00","4,808,671,452.85",,0
21/12/2022,21/12/2022,CASH DEPOSIT    ZRB/M2928722/HAJI ALI J/5271856FROM Malindi Branch,21/12/2022,,"45,000.00","4,808,716,452.85",,0
21/12/2022,21/12/2022,CASH DEPOSIT    ZRB/T1538213/ALI HAJI V/5271915FROM Malindi Branch,21/12/2022,,"93,800.00","4,808,810,252.85",,0
21/12/2022,21/12/2022,CASH DEPOSIT    ZRB/T1538267/HAMED SAID/5272078FROM Malindi Branch,21/12/2022,,"93,800.00","4,808,904,052.85",,0
21/12/2022,21/12/2022,"INWARD TRANSFER STP 22124364 29 MAZARS TANZANIA PO 78999,P.O BOX 78999,DAR ES SALAFROM Center Branch",21/12/2022,,"32,661,037.43","4,841,565,090.28",,22124364
21/12/2022,21/12/2022,CASH DEPOSIT    ZRB/T1538269/PHIDEL PHA/5272215FROM Mwanakwerekwe Branch,21/12/2022,,"100,000.00","4,841,665,090.28",,0
21/12/2022,21/12/2022,TAX BANK - Transfer    AA/BILL_CLEARANCE/POS111022/M2928758/RT222010341170/BILL_CLEARANCE/ZRB/BIMKUBWA   MASSOUD ALI,21/12/2022,,"5,000.00","4,841,670,090.28",,0
21/12/2022,21/12/2022,CASH DEPOSIT    ZRB/T1538279/AMINA/5272923FROM Mlandege Branch,21/12/2022,,"10,000.00","4,841,680,090.28",,0
21/12/2022,21/12/2022,TAX BANK - Transfer    AA/BILL_CLEARANCE/POS111624/T1537009/RT222010341360/BILL_CLEARANCE/ZRB/VINNEYS COMPANY LIMITED,21/12/2022,,"121,800.00","4,841,801,890.28",,0
21/12/2022,21/12/2022,TAX BANK - Transfer    AA/BILL_CLEARANCE/POS111122/T1538265/RT222010341744/BILL_CLEARANCE/ZRB/ZANZIBAR REVENUE BOARD,21/12/2022,,"15,000.00","4,841,816,890.28",,0
21/12/2022,21/12/2022,TAX BANK - Transfer    AA/BILL_CLEARANCE/POS111122/T1536135/RT222010341786/BILL_CLEARANCE/ZRB/ZANZIBAR REVENUE BOARD,21/12/2022,,"5,000.00","4,841,821,890.28",,0
21/12/2022,21/12/2022,TAX BANK - Transfer    AA/BILL_CLEARANCE/POS111122/T1536143/RT222010341874/BILL_CLEARANCE/ZRB/ZANZIBAR REVENUE BOARD,21/12/2022,,"5,000.00","4,841,826,890.28",,0
21/12/2022,21/12/2022,CASH DEPOSIT    ZRB/T1531081/HAM GARDEN/5272200FROM Mwanakwerekwe Branch,21/12/2022,,"353,200.00","4,842,180,090.28",,0
21/12/2022,21/12/2022,TAX BANK - Transfer    AA/BILL_CLEARANCE/POS111122/T1536147/RT222010342002/BILL_CLEARANCE/ZRB/ZANZIBAR REVENUE BOARD,21/12/2022,,"5,000.00","4,842,185,090.28",,0
21/12/2022,21/12/2022,CASH DEPOSIT    ZRB/T1537061/IDDI TALIB/5273208FROM Mwanakwerekwe Branch,21/12/2022,,"655,000.00","4,842,840,090.28",,0
21/12/2022,21/12/2022,CASH DEPOSIT    ZRB/M2928770/RASHID NAS/5273287FROM Malindi Branch,21/12/2022,,"35,000.00","4,842,875,090.28",,0
21/12/2022,21/12/2022,CASH DEPOSIT    ZRB/T1535675/NEMSHI ABD/5273159FROM Mwanakwerekwe Branch,21/12/2022,,"134,500.00","4,843,009,590.28",,0
21/12/2022,21/12/2022,TAX BANK - Transfer    AA/BILL_CLEARANCE/POS111622/M2928774/RT222010342700/BILL_CLEARANCE/ZRB/SAID RAJAB MRISHO,21/12/2022,,"20,000.00","4,843,029,590.28",,0
21/12/2022,21/12/2022,TAX BANK - Transfer    AA/BILL_CLEARANCE/POS111403/M2928782/RT222010342748/BILL_CLEARANCE/ZRB/JUMA HAJI HIJA,21/12/2022,,"25,000.00","4,843,054,590.28",,0
21/12/2022,21/12/2022,TAX BANK - Transfer    AA/BILL_CLEARANCE/POS111403/M2928786/RT222010342890/BILL_CLEARANCE/ZRB/HAJI MTUMWA MBATA,21/12/2022,,"25,000.00","4,843,079,590.28",,0
21/12/2022,21/12/2022,TAX BANK - Transfer    AA/BILL_CLEARANCE/POS111122/M2920196/RT222010343007/BILL_CLEARANCE/ZRB/NASSOR SULEIMAN SAID,21/12/2022,,"35,000.00","4,843,114,590.28",,0
21/12/2022,21/12/2022,TAX BANK - Transfer    AA/BILL_CLEARANCE/POS111624/T1535745/RT222010343309/BILL_CLEARANCE/ZRB/HEMED ALI HAJI,21/12/2022,,"100,000.00","4,843,214,590.28",,0
21/12/2022,21/12/2022,TAX BANK - Transfer    AA/BILL_CLEARANCE/POS111403/T1538305/RT222010343519/BILL_CLEARANCE/ZRB/SALUM KOMBO MSHENGA,21/12/2022,,"93,800.00","4,843,308,390.28",,0
21/12/2022,21/12/2022,TAX BANK - Transfer    AA/BILL_CLEARANCE/POS111403/T1538307/RT222010343651/BILL_CLEARANCE/ZRB/SALUM KOMBO MSHENGA,21/12/2022,,"93,800.00","4,843,402,190.28",,0
21/12/2022,21/12/2022,CASH DEPOSIT    ZRB/T1538301/RAMADHAN H/5273898FROM Malindi Branch,21/12/2022,,"100,000.00","4,843,502,190.28",,0
21/12/2022,21/12/2022,CASH DEPOSIT    ZRB/T1538295/BAKARI ISS/5273950FROM Malindi Branch,21/12/2022,,"300,000.00","4,843,802,190.28",,0
21/12/2022,21/12/2022,TAX BANK - Transfer    AA/BILL_CLEARANCE/POS111622/M2928828/RT222010343975/BILL_CLEARANCE/ZRB/HUSSEIN JUMA HAJI,21/12/2022,,"35,000.00","4,843,837,190.28",,0
21/12/2022,21/12/2022,TAX BANK - Transfer    AA/BILL_CLEARANCE/POS111122/T1536133/RT222010343999/BILL_CLEARANCE/ZRB/ZANZIBAR REVENUE BOARD,21/12/2022,,"5,000.00","4,843,842,190.28",,0
21/12/2022,21/12/2022,TAX BANK - Transfer    AA/BILL_CLEARANCE/POS111122/T1538317/RT222010344238/BILL_CLEARANCE/ZRB/SAID ISSA SAID,21/12/2022,,"93,800.00","4,843,935,990.28",,0
21/12/2022,21/12/2022,CASH DEPOSIT    ZRB/M2928814/YUSSUF JUM/5274145FROM Mwanakwerekwe Branch,21/12/2022,,"35,000.00","4,843,970,990.28",,0
21/12/2022,21/12/2022,TAX BANK - Transfer    AA/BILL_CLEARANCE/POS111622/M2928844/RT222010344338/BILL_CLEARANCE/ZRB/MAKAME KHAMIS AME,21/12/2022,,"35,000.00","4,844,005,990.28",,0
21/12/2022,21/12/2022,CASH DEPOSIT    ZRB/T1538237/BISHENI AB/5274180FROM Malindi Branch,21/12/2022,,"157,300.00","4,844,163,290.28",,0
21/12/2022,21/12/2022,TAX BANK - Transfer    AA/BILL_CLEARANCE/POS111671/M2928806/RT222010344479/BILL_CLEARANCE/ZRB/ISSA USSI MACHANO,21/12/2022,,"130,000.00","4,844,293,290.28",,0
21/12/2022,21/12/2022,TAX BANK - Transfer    AA/BILL_CLEARANCE/POS111671/M2928822/RT222010344539/BILL_CLEARANCE/ZRB/MUDATHIR KHAMIS MUHSIN,21/12/2022,,"130,000.00","4,844,423,290.28",,0
21/12/2022,21/12/2022,TAX BANK - Transfer    AA/BILL_CLEARANCE/POS111022/M2928860/RT222010344543/BILL_CLEARANCE/ZRB/FATMA ALI BUDA,21/12/2022,,"5,000.00","4,844,428,290.28",,0
21/12/2022,21/12/2022,CASH DEPOSIT    ZRB/T1538289/SELEMANI M/5274236FROM Malindi Branch,21/12/2022,,"130,000.00","4,844,558,290.28",,0
21/12/2022,21/12/2022,CASH DEPOSIT    ZRB/T1538311/RASHID MRU/5274287FROM Mlandege Branch,21/12/2022,,"150,000.00","4,844,708,290.28",,0
21/12/2022,21/12/2022,CASH DEPOSIT    ZRB/T1538313/IS-HAKA NA/5274304FROM Malindi Branch,21/12/2022,,"100,000.00","4,844,808,290.28",,0
21/12/2022,21/12/2022,TAX BANK - Transfer    AA/BILL_CLEARANCE/POS111622/M2928866/RT222010344773/BILL_CLEARANCE/ZRB/JAMILA AME MOHD,21/12/2022,,"35,000.00","4,844,843,290.28",,0
21/12/2022,21/12/2022,TAX BANK - Transfer    AA/BILL_CLEARANCE/POS111671/M2928790/RT222010344794/BILL_CLEARANCE/ZRB/RAMADHAN ALI HASSAN,21/12/2022,,"50,000.00","4,844,893,290.28",,0
21/12/2022,21/12/2022,TAX BANK - Transfer    AA/BILL_CLEARANCE/POS111317/M2928836/RT222010344802/BILL_CLEARANCE/ZRB/SHARIF MGUNYA MOHAMMED,21/12/2022,,"50,000.00","4,844,943,290.28",,0
21/12/2022,21/12/2022,TAX BANK - Transfer    AA/BILL_CLEARANCE/POS111403/M2928872/RT222010344847/BILL_CLEARANCE/ZRB/FAHIM ABDALLA JUMA,21/12/2022,,"20,000.00","4,844,963,290.28",,0
21/12/2022,21/12/2022,TAX BANK - Transfer    AA/BILL_CLEARANCE/POS111671/M2928734/RT222010344858/BILL_CLEARANCE/ZRB/ALI HAMADI ALI,21/12/2022,,"50,000.00","4,845,013,290.28",,0
21/12/2022,21/12/2022,TAX BANK - Transfer    AA/BILL_CLEARANCE/POS111403/M2928876/RT222010344968/BILL_CLEARANCE/ZRB/ADAM MUHAMMED HAJI,21/12/2022,,"35,000.00","4,845,048,290.28",,0
21/12/2022,21/12/2022,CASH DEPOSIT    ZRB/M2928878/ALI MOHAMM/5274489FROM Wete Branch,21/12/2022,,"60,000.00","4,845,108,290.28",,0
21/12/2022,21/12/2022,TAX BANK - Transfer    AA/BILL_CLEARANCE/POS111671/M2928728/RT222010345045/BILL_CLEARANCE/ZRB/MASOUD JUMA HAJI,21/12/2022,,"50,000.00","4,845,158,290.28",,0
21/12/2022,21/12/2022,TAX BANK - Transfer    AA/BILL_CLEARANCE/POS111317/M2928856/RT222010345049/BILL_CLEARANCE/ZRB/ABDUL-HALIM  THABIT ALI,21/12/2022,,"25,000.00","4,845,183,290.28",,0
21/12/2022,21/12/2022,TAX BANK - Transfer    AA/BILL_CLEARANCE/POS111317/M2928848/RT222010345128/BILL_CLEARANCE/ZRB/ALI RASHID ALI,21/12/2022,,"50,000.00","4,845,233,290.28",,0
21/12/2022,21/12/2022,INWARD TRANSFER STP 22124550 29 FRASI LIMITED MTONI /ROC/CONTROL NOT1535543FROM Center Branch,21/12/2022,,"4,985,000.00","4,850,218,290.28",,22124550
21/12/2022,21/12/2022,INWARD TRANSFER STP 22124623 29 GA INSURANCE TANZANIA LIMITED P O BOX 75908 OHIO STREET PYT FOR VAT PYT IDENTIFICATION NO.T1534253FROM Center Branch,21/12/2022,,"4,551,100.00","4,854,769,390.28",,22124623
21/12/2022,21/12/2022,INWARD TRANSFER STP 22124741 29 ZANLINK LIMITED ZANZIBAR /ROC/T1534285FROM Center Branch,21/12/2022,,"58,474,135.00","4,913,243,525.28",,22124741
22/12/2022,22/12/2022,PG-Transfer B2B    ZRB/M2929230/45000/REF:59351465935146,22/12/2022,,"45,000.00","4,913,288,525.28",,0
22/12/2022,22/12/2022,PG-Transfer B2B    ZRB/M2929144/60000/REF:59352055935205,22/12/2022,,"60,000.00","4,913,348,525.28",,0
22/12/2022,22/12/2022,PG-Transfer B2B    ZRB/M2929236/35000/REF:59352305935230,22/12/2022,,"35,000.00","4,913,383,525.28",,0
22/12/2022,22/12/2022,PG-Transfer B2B    ZRB/M2929200/35000/REF:59352555935255,22/12/2022,,"35,000.00","4,913,418,525.28",,0
22/12/2022,22/12/2022,PG-Transfer B2B    ZRB/M2929180/35000/REF:59352825935282,22/12/2022,,"35,000.00","4,913,453,525.28",,0
22/12/2022,22/12/2022,PG-Transfer B2B    ZRB/M2929212/35000/REF:59352855935285,22/12/2022,,"35,000.00","4,913,488,525.28",,0
22/12/2022,22/12/2022,PG-Transfer B2B    ZRB/T1538497/187500/REF:59353385935338,22/12/2022,,"187,500.00","4,913,676,025.28",,0
22/12/2022,22/12/2022,PG-Transfer B2B    ZRB/M2929246/35000/REF:59353365935336,22/12/2022,,"35,000.00","4,913,711,025.28",,0
22/12/2022,22/12/2022,PG-Transfer B2B    ZRB/M2929028/25000/REF:59353705935370,22/12/2022,,"25,000.00","4,913,736,025.28",,0
22/12/2022,22/12/2022,PG-Transfer B2B    ZRB/M2928900/10000/REF:59354035935403,22/12/2022,,"10,000.00","4,913,746,025.28",,0
22/12/2022,22/12/2022,PG-Transfer B2B    ZRB/T1536127/5000/REF:59354265935426,22/12/2022,,"5,000.00","4,913,751,025.28",,0
22/12/2022,22/12/2022,PG-Transfer B2B    ZRB/M2929302/20000/REF:59354525935452,22/12/2022,,"20,000.00","4,913,771,025.28",,0
22/12/2022,22/12/2022,PG-Transfer B2B    ZRB/M2929214/35000/REF:59354825935482,22/12/2022,,"35,000.00","4,913,806,025.28",,0
22/12/2022,22/12/2022,PG-Transfer B2B    ZRB/T1538499/93800/REF:59355145935514,22/12/2022,,"93,800.00","4,913,899,825.28",,0
22/12/2022,22/12/2022,PG-Transfer B2B    ZRB/M2929296/35000/REF:59355275935527,22/12/2022,,"35,000.00","4,913,934,825.28",,0
22/12/2022,22/12/2022,PG-Transfer B2B    ZRB/M2929268/35000/REF:59355505935550,22/12/2022,,"35,000.00","4,913,969,825.28",,0
22/12/2022,22/12/2022,PG-Transfer B2B    ZRB/M2929170/35000/REF:59355585935558,22/12/2022,,"35,000.00","4,914,004,825.28",,0
22/12/2022,22/12/2022,PG-Transfer B2B    ZRB/M2929306/35000/REF:59355635935563,22/12/2022,,"35,000.00","4,914,039,825.28",,0
22/12/2022,22/12/2022,PG-Transfer B2B    ZRB/T1538501/93800/REF:59355795935579,22/12/2022,,"93,800.00","4,914,133,625.28",,0
22/12/2022,22/12/2022,PG-Transfer B2B    ZRB/M2929210/35000/REF:59356005935600,22/12/2022,,"35,000.00","4,914,168,625.28",,0
22/12/2022,22/12/2022,PG-Transfer B2B    ZRB/M2928946/60000/REF:59356115935611,22/12/2022,,"60,000.00","4,914,228,625.28",,0
22/12/2022,22/12/2022,PG-Transfer B2B    ZRB/M2929168/45000/REF:59356805935680,22/12/2022,,"45,000.00","4,914,273,625.28",,0
22/12/2022,22/12/2022,PG-Transfer B2B    ZRB/T1536113/5000/REF:59357155935715,22/12/2022,,"5,000.00","4,914,278,625.28",,0
22/12/2022,22/12/2022,PG-Transfer B2B    ZRB/T1538507/93800/REF:59357445935744,22/12/2022,,"93,800.00","4,914,372,425.28",,0
22/12/2022,22/12/2022,PG-Transfer B2B    ZRB/T1538511/40000/REF:59357795935779,22/12/2022,,"40,000.00","4,914,412,425.28",,0
22/12/2022,22/12/2022,PG-Transfer B2B    ZRB/M2929310/35000/REF:59357875935787,22/12/2022,,"35,000.00","4,914,447,425.28",,0
22/12/2022,22/12/2022,PG-Transfer B2B    ZRB/M2929322/130000/REF:59358295935829,22/12/2022,,"130,000.00","4,914,577,425.28",,0
22/12/2022,22/12/2022,PG-Transfer B2B    ZRB/M2929326/60000/REF:59358425935842,22/12/2022,,"60,000.00","4,914,637,425.28",,0
22/12/2022,22/12/2022,PG-Transfer B2B    ZRB/M2929338/35000/REF:59358625935862,22/12/2022,,"35,000.00","4,914,672,425.28",,0
22/12/2022,22/12/2022,PG-Transfer B2B    ZRB/M2929344/60000/REF:59358855935885,22/12/2022,,"60,000.00","4,914,732,425.28",,0
22/12/2022,22/12/2022,PG-Transfer B2B    ZRB/M2929318/35000/REF:59359325935932,22/12/2022,,"35,000.00","4,914,767,425.28",,0
22/12/2022,22/12/2022,PG-Transfer B2B    ZRB/M2929350/35000/REF:59359685935968,22/12/2022,,"35,000.00","4,914,802,425.28",,0
22/12/2022,22/12/2022,PG-Transfer B2B    ZRB/M2928994/25000/REF:59359785935978,22/12/2022,,"25,000.00","4,914,827,425.28",,0
22/12/2022,22/12/2022,PG-Transfer B2B    ZRB/M2929336/20000/REF:59359985935998,22/12/2022,,"20,000.00","4,914,847,425.28",,0
22/12/2022,22/12/2022,PG-Transfer B2B    ZRB/M2929354/35000/REF:59360165936016,22/12/2022,,"35,000.00","4,914,882,425.28",,0
22/12/2022,22/12/2022,PG-Transfer B2B    ZRB/M2929360/35000/REF:59360545936054,22/12/2022,,"35,000.00","4,914,917,425.28",,0
22/12/2022,22/12/2022,PG-Transfer B2B    ZRB/T1536115/5000/REF:59361655936165,22/12/2022,,"5,000.00","4,914,922,425.28",,0
22/12/2022,22/12/2022,PG-Transfer B2B    ZRB/M2929378/60000/REF:59361785936178,22/12/2022,,"60,000.00","4,914,982,425.28",,0
22/12/2022,22/12/2022,PG-Transfer B2B    ZRB/M2929374/35000/REF:59361895936189,22/12/2022,,"35,000.00","4,915,017,425.28",,0
22/12/2022,22/12/2022,PG-Transfer B2B    ZRB/M2929366/35000/REF:59362105936210,22/12/2022,,"35,000.00","4,915,052,425.28",,0
22/12/2022,22/12/2022,PG-Transfer B2B    ZRB/M2929298/20000/REF:59362225936222,22/12/2022,,"20,000.00","4,915,072,425.28",,0
22/12/2022,22/12/2022,PG-Transfer B2B    ZRB/T1538513/75000/REF:59362765936276,22/12/2022,,"75,000.00","4,915,147,425.28",,0
22/12/2022,22/12/2022,PG-Transfer B2B    ZRB/T1538491/245800/REF:59362975936297,22/12/2022,,"245,800.00","4,915,393,225.28",,0
22/12/2022,22/12/2022,PG-Transfer B2B    ZRB/M2929380/35000/REF:59363295936329,22/12/2022,,"35,000.00","4,915,428,225.28",,0
22/12/2022,22/12/2022,PG-Transfer B2B    ZRB/T1538359/93800/REF:59364035936403,22/12/2022,,"93,800.00","4,915,522,025.28",,0
22/12/2022,22/12/2022,PG-Transfer B2B    ZRB/T1538553/5000/REF:59365035936503,22/12/2022,,"5,000.00","4,915,527,025.28",,0
22/12/2022,22/12/2022,PG-Transfer B2B    ZRB/T1538541/5000/REF:59365215936521,22/12/2022,,"5,000.00","4,915,532,025.28",,0
22/12/2022,22/12/2022,PG-Transfer B2B    ZRB/T1538545/5000/REF:59365845936584,22/12/2022,,"5,000.00","4,915,537,025.28",,0
22/12/2022,22/12/2022,PG-Transfer B2B    ZRB/T1538581/75000/REF:59367815936781,22/12/2022,,"75,000.00","4,915,612,025.28",,0
22/12/2022,22/12/2022,PG-Transfer B2B    ZRB/T1538587/5000/REF:59368055936805,22/12/2022,,"5,000.00","4,915,617,025.28",,0
22/12/2022,22/12/2022,PG-Transfer B2B    ZRB/M2928884/35000/REF:59368755936875,22/12/2022,,"35,000.00","4,915,652,025.28",,0
22/12/2022,22/12/2022,PG-Transfer B2B    ZRB/M2928940/50000/REF:59368975936897,22/12/2022,,"50,000.00","4,915,702,025.28",,0
22/12/2022,22/12/2022,PG-Transfer B2B    ZRB/M2929420/20000/REF:59369155936915,22/12/2022,,"20,000.00","4,915,722,025.28",,0
22/12/2022,22/12/2022,PG-Transfer B2B    ZRB/M2929440/35000/REF:59369755936975,22/12/2022,,"35,000.00","4,915,757,025.28",,0
22/12/2022,22/12/2022,PG-Transfer B2B    ZRB/M2929454/35000/REF:59369955936995,22/12/2022,,"35,000.00","4,915,792,025.28",,0
22/12/2022,22/12/2022,PG-Transfer B2B    ZRB/M2929460/60000/REF:59370785937078,22/12/2022,,"60,000.00","4,915,852,025.28",,0
22/12/2022,22/12/2022,PG-Transfer B2B    ZRB/M2929458/35000/REF:59371045937104,22/12/2022,,"35,000.00","4,915,887,025.28",,0
22/12/2022,22/12/2022,PG-Transfer B2B    ZRB/T1538367/100000/REF:59371405937140,22/12/2022,,"100,000.00","4,915,987,025.28",,0
22/12/2022,22/12/2022,PG-Transfer B2B    ZRB/M2929088/10000/REF:59372335937233,22/12/2022,,"10,000.00","4,915,997,025.28",,0
22/12/2022,22/12/2022,PG-Transfer B2B    ZRB/M2929452/28790/REF:59372395937239,22/12/2022,,"28,790.00","4,916,025,815.28",,0
22/12/2022,22/12/2022,PG-Transfer B2B    ZRB/M2929474/35000/REF:59372635937263,22/12/2022,,"35,000.00","4,916,060,815.28",,0
22/12/2022,22/12/2022,PG-Transfer B2B    ZRB/T1538649/93800/REF:59373295937329,22/12/2022,,"93,800.00","4,916,154,615.28",,0
22/12/2022,22/12/2022,PG-Transfer B2B    ZRB/M2929386/25000/REF:59373495937349,22/12/2022,,"25,000.00","4,916,179,615.28",,0
22/12/2022,22/12/2022,PG-Transfer B2B    ZRB/M2929014/60000/REF:59373625937362,22/12/2022,,"60,000.00","4,916,239,615.28",,0
22/12/2022,22/12/2022,PG-Transfer B2B    ZRB/M2929368/50000/REF:59373695937369,22/12/2022,,"50,000.00","4,916,289,615.28",,0
22/12/2022,22/12/2022,PG-Transfer B2B    ZRB/M2929376/50000/REF:59373945937394,22/12/2022,,"50,000.00","4,916,339,615.28",,0
22/12/2022,22/12/2022,PG-Transfer B2B    ZRB/M2929308/45000/REF:59374085937408,22/12/2022,,"45,000.00","4,916,384,615.28",,0
22/12/2022,22/12/2022,PG-Transfer B2B    ZRB/M2929392/50000/REF:59374365937436,22/12/2022,,"50,000.00","4,916,434,615.28",,0
22/12/2022,22/12/2022,PG-Transfer B2B    ZRB/M2929448/5000/REF:59374575937457,22/12/2022,,"5,000.00","4,916,439,615.28",,0
22/12/2022,22/12/2022,PG-Transfer B2B    ZRB/M2929448/5000/REF:59375065937506,22/12/2022,,"5,000.00","4,916,444,615.28",,0
22/12/2022,22/12/2022,PG-Transfer B2B    ZRB/T1538633/93800/REF:59376025937602,22/12/2022,,"93,800.00","4,916,538,415.28",,0
22/12/2022,22/12/2022,PG-Transfer B2B    ZRB/T1538671/93800/REF:59376765937676,22/12/2022,,"93,800.00","4,916,632,215.28",,0
22/12/2022,22/12/2022,PG-Transfer B2B    ZRB/T1538623/93800/REF:59377215937721,22/12/2022,,"93,800.00","4,916,726,015.28",,0
22/12/2022,22/12/2022,PG-Transfer B2B    ZRB/T1538693/75000/REF:59377025937702,22/12/2022,,"75,000.00","4,916,801,015.28",,0
22/12/2022,22/12/2022,PG-Transfer B2B    ZRB/M2929494/45000/REF:59377585937758,22/12/2022,,"45,000.00","4,916,846,015.28",,0
22/12/2022,22/12/2022,PG-Transfer B2B    ZRB/M2928942/130000/REF:59377775937777,22/12/2022,,"130,000.00","4,916,976,015.28",,0
22/12/2022,22/12/2022,PG-Transfer B2B    ZRB/M2929500/35000/REF:59378335937833,22/12/2022,,"35,000.00","4,917,011,015.28",,0
22/12/2022,22/12/2022,PG-Transfer B2B    ZRB/T1538699/75000/REF:59378675937867,22/12/2022,,"75,000.00","4,917,086,015.28",,0
22/12/2022,22/12/2022,PG-Transfer B2B    ZRB/T1538695/262500/REF:59378955937895,22/12/2022,,"262,500.00","4,917,348,515.28",,0
22/12/2022,22/12/2022,PG-Transfer B2B    ZRB/T1538703/93800/REF:59379235937923,22/12/2022,,"93,800.00","4,917,442,315.28",,0
22/12/2022,22/12/2022,PG-Transfer B2B    ZRB/T1538625/5000/REF:59379645937964,22/12/2022,,"5,000.00","4,917,447,315.28",,0
22/12/2022,22/12/2022,PG-Transfer B2B    ZRB/M2929526/35000/REF:59379905937990,22/12/2022,,"35,000.00","4,917,482,315.28",,0
22/12/2022,22/12/2022,PG-Transfer B2B    ZRB/T1538635/5000/REF:59380165938016,22/12/2022,,"5,000.00","4,917,487,315.28",,0
22/12/2022,22/12/2022,PG-Transfer B2B    ZRB/M2929528/20000/REF:59380715938071,22/12/2022,,"20,000.00","4,917,507,315.28",,0
22/12/2022,22/12/2022,PG-Transfer B2B    ZRB/M2929536/20000/REF:59380845938084,22/12/2022,,"20,000.00","4,917,527,315.28",,0
